@string{ACTS            = "Advanced Communications Technologies and Services (ACTS) Mobile Communication Summit"}
@string{ACTS_1996       = "Proc.\ 1st~" # ACTS}
@string{ASPLOS          = "ACM International Conference on Architectural Support for Programming Languages and Operating Systems (ASPLOS)"}
@string{ASPLOS_1996     = "Proc.\ 7th ASPLOS"}
@string{ASPLOS_2000     = "Proc.\ 9th ASPLOS"}
@string{BCR             = "Business Communications Review"}
@string{BSDCON_2003     = "BSDCon '03"}
@string{CACM            = "Communications of the ACM"}
@string{COMPUTER        = "IEEE Computer"}
@string{COMPUTER_NET    = "Computer Networks"}
@string{CCR             = "ACM SIGCOMM Computer Communication Review"}
@string{DANCE           = "Proc.\ DARPA Active Networks Conference and Exposition"}
@string{DANCE_2002      = DANCE # "\ (DANCE 2002)"}
@string{EWSCDA_1998     = "Proc.\ 8th ACM SIGOPS European Workshop on Support for Composing Distributed Applications"}
@string{HOTI            = "A symposium on high performance interconnects"}
@string{HOTI_1999       = "Hot Interconnects 7:\ " # HOTI}
@string{HOTNETS_2002    = "Proc.\ HotNets--I"}
@string{HOTNETS_2003    = "Proc.\ HotNets--II"}
@string{HOTOS           = "Workshop on Hot Topics in Operating Systems"}
@string{HOTOS_1999      = "Proc.\ 7th~" # HOTOS # " (HotOS--VII)"}
@string{HOTOS_2001      = "Proc.\ 8th~" # HOTOS # " (HotOS--VIII)"}
@string{ICC             = "Proc.\ IEEE International Conference on Communications"}
@string{ICC_2002        = ICC # "\ (ICC 2002)"}
@string{ICFP            = "SIGPLAN International Conference on Functional Programming Languages"}
@string{ICFP_1998       = "Proc.\ 3rd ACM\ " # ICFP}
@string{ICDCS           = "International Conference on Distributed Computing Systems (ICDCS)"}
@string{ICDCS_1988      = "Proc.\ 8th ICDCS"}
@string{ICDCS_2000      = "Proc.\ 20th ICDCS"}
@string{ICNP            = "IEEE International Conference on Networking Protocols"} 
@string{ICNP_2003       = "Proc.\ 11th ICNP"}
@string{ICS             = "ACM International Conference on Supercomputing"}
@string{ICS_1990        = "Proc.\ 4th~" # ICS}
@string{ICMCS_1994      = "Int.\ Conf.\ Multimedia Computing \& Systems"}
@string(IJPDSN          = "International Journal of Parallel and Distributed Systems and Networks")
@string{INFOCOM_2000    = "Proc.\ INFOCOM 2000"}
@string{INFOCOM_2002    = "Proc.\ INFOCOM 2002"}
@string{IPTPS_2002      = "Proc.\ 1st Int.\ Workshop on Peer-to-Peer Systems (IPTPS'02)"}
@string{ISCA            = "Annual ACM/IEEE International Symposium on Computer Architecture (ISCA)"}
@string{ISCA_1998       = "Proc.\ 25th~" # ISCA}
@string{JSAC            = "IEEE J.\ Sel.\ Areas Comm."}
@string{LISA            = "Systems Administration Conference"}
@string{LISA_1990       = "Proc.\ 11th~" # LISA # "\ (LISA '90)"}
@string{LISA_1997       = "Proc.\ 11th~" # LISA # "\ (LISA '97)"}
@string{LISA_1998       = "Proc.\ 11th~" # LISA # "\ (LISA '98)"}
@string{LISA_2000       = "Proc.\ 14th~" # LISA # "\ (LISA '00)"}
@string{LISA_2007       = "Proc.\ 21th~" # LISA # "\ (LISA '07)"}
@string{MICRO           = "IEEE Micro"}
@string{MIDDLEWARE      = "IFIP/ACM International Conference on Distributed Systems Platforms"}
@string{MIDDLEWARE_2001 = "Proc.\ 18th Middleware"}
@string{MUG             = "Myrinet User Group Conference"}
@string{MUG_2000        = "Proc.\ First~" # MUG # "\ (MUG 2000)"}
@string{NOSSDAV         = "Network and Operating System Support for Digital Audio and Video (NOSSDAV)"}
@string{NOSSDAV_1997    = "Proc.\ 7th International Workshop on\ " # NOSSDAV}
@string{NOSSDAV_1998    = "Proc.\ 8th International Workshop on\ " # NOSSDAV}
@string{OLS             = "Ottawa Linux Symposium"}
@string{OLS_2003        = "Proc.\ OLS 2003"}
@string{OPENARCH        = "International Conference on Open Architectures and Network Programming (OPENARCH)"}
@string{OPENARCH_2001   = "Proc.\ 4th~" # OPENARCH}
@string{OPENARCH_2002   = "Proc.\ 5th~" # OPENARCH}
@string{OSDI            = "Operating System Design and Implementation (OSDI)"}
@string{OSDI_1994       = "Proc.\ 1st OSDI"}
@string{OSDI_1996       = "Proc.\ 2nd OSDI"}
@string{OSDI_1999       = "Proc.\ 3rd OSDI"}
@string{OSDI_2002       = "Proc.\ 5th OSDI"}
@string{NSDI_2004       = "Proc.\ 1st NSDI"}
@string{NSDI_2005       = "Proc.\ 2nd NSDI"}
@string{NSDI_2006       = "Proc.\ 3rd NSDI"}
@string{NSDI_2007       = "Proc.\ 4th NSDI"}
@string{NSDI_2008       = "Proc.\ 5th NSDI"}
@string{OSR             = "Operating Systems Review"}
@string{PERVASIVE       = "International Conference on Pervasive Computing"}
@string{PERVASIVE_2002  = "Proc.\ Pervasive 2002"}
@string{NETWORKING      = "International IFIP--TC6 Networking Conference"}
@string{NETWORKING_2002 = "Proc.\ 2nd~" # NETWORKING # "\ (NETWORKING 2002)"}
@string{SANE_2000       = "Proc.\ 2nd Int.\ SANE Conf."}
@string{RFC             = "Internet Req.\ for Cmts."}
@string{SIGCOMM_1988    = "Proc.\ SIGCOMM '88"}
@string{SIGCOMM_1992    = "Proc.\ SIGCOMM '92"}
@string{SIGCOMM_1994    = "Proc.\ SIGCOMM '94"}
@string{SIGCOMM_1996    = "Proc.\ SIGCOMM '96"}
@string{SIGCOMM_1997    = "Proc.\ SIGCOMM '97"}
@string{SIGCOMM_1998    = "Proc.\ SIGCOMM '98"}
@string{SIGCOMM_1999    = "Proc.\ SIGCOMM '99"}
@string{SIGCOMM_2001    = "Proc.\ SIGCOMM 2001"}
@string{SIGMETRICS      = "Proc.\ SIGMETRICS\ "}
@string{SIGMETRICS_2000 = SIGMETRICS # "2000"}
@string{SIGMETRICS_2001 = SIGMETRICS # "2001"}
@string{SOSP            = "Symposium on Operating Systems Principles (SOSP)"}
@string{SOSP_1995       = "Proc.\ 15th SOSP"}
@string{SOSP_1999       = "Proc.\ 17th SOSP"}
@string{SOSP_2001       = "Proc.\ 18th SOSP"}
@string{SOSP_2003       = "Proc.\ 19th SOSP"}
@string{TOCS            = "ACM Transactions on Computer Systems"}
@string{TON             = "IEEE/ACM Transactions on Networking"}
@string{USENIX          = "USENIX Annual Technical Conference"}
@string{USENIX_SEC      = "USENIX Security Symposium"}
@string{USENIX_2005     = "Proc.\ USENIX '05"}
@string{USENIX_2004     = "Proc.\ USENIX '04"}
@string{USENIX_2002     = "Proc.\ USENIX '02"}
@string{USENIX_1996     = "Proc.\ USENIX '96"}
@string{USS_1999        = "Proc.\ 8th " # USENIX_SEC}
@string{USS_2002        = "Proc.\ 11th " # USENIX_SEC}
@string{USS_2003        = "Proc.\ 12th " # USENIX_SEC}
@string{USITS           = "USENIX Symposium on Internet Technologies"}
@string{USITS_2003      = "Proc.\ 4th USITS"}
@string{WISP            = "Workshop on Internet Server Performance"}
@string{WISP_1998       =" Proc.\ " # WISP # " 1998"}
@string{WORLDS_2004     ="Proc. of the 1st Workshop on Real, Large Distributed Systems"}
@string{WORLDS_2005     ="Proc. of the 2nd Workshop on Real, Large Distributed Systems"}
@string{WSS             = "USENIX Windows Sys.\ Symp."}
@string{WSS_2000        = "Proc.\ 4th~" # WSS}
@string{WWOS            = "Workshop on Workstation Operating Systems"}
@string{WWOS_1992       = "Proc.\ 3rd " # WWOS}

@string{ALASKA          = "AK"}
@string{ARIZONA         = "AZ"}
@string{CALIFORNIA      = "CA"}
@string{COLORADO        = "CO"}
@string{GEORGIA         = "GA"}
@string{LOUISIANA       = "LA"}
@string{MARYLAND        = "MD"}
@string{MASSACHUSETTS   = "MA"}
@string{MISSOURI        = "MO"}
@string{NEW_JERSEY      = "NJ"}
@string{NEW_MEXICO      = "NM"}
@string{NEW_YORK        = "NY"}
@string{OREGON          = "OR"}
@string{PENNSYLVANIA    = "PA"}
@string{SOUTH_CAROLINA  = "SC"}
@string{TEXAS           = "TX"}
@string{WASHINGTON      = "WA"}
@string{WISCONSIN       = "WI"}

@string{BOSTON               = "Boston,\ " # MASSACHUSETTS}
@string{SAN_FRANCISCO        = "San Francisco,\ " # CALIFORNIA}
@string{WASHINGTON_DC        = "Washington,\ DC"}

@string{ACTS_1996_ADDR       = "Granada, Spain"}
@string{ASPLOS_1996_ADDR     = "Cambridge,\ " # MASSACHUSETTS}
@string{ASPLOS_2000_ADDR     = "Cambridge,\ " # MASSACHUSETTS}
@string{DANCE_2002_ADDR      = SAN_FRANCISCO}
@string{EWSCDA_1998_ADDR     = "Sintra, Portugal"}
@string{HOTI_1999_ADDR       = "Stanford,\ " # CALIFORNIA}
@string{HOTNETS_2002_ADDR    = "Princeton,\ " # NEW_JERSEY}
@string{HOTNETS_2003_ADDR    = "Cambridge,\ " # MASSACHUSETTS}
@string{HOTOS_1999_ADDR      = "Rio Rico,\ " # ARIZONA}
@string{HOTOS_2001_ADDR      = "Oberbayern, Germany"}
@string{ICFP_1998_ADDR       = "Baltimore,\ " # MARYLAND}
@string{ICDCS_1988_ADDR      = "San Jose,\ " # CALIFORNIA}
@string{ICDCS_2000_ADDR      = "Taipei, Taiwan"}
@string{ICC_2002_ADDR        = "New York City"}
@string{ICMCS_1994_ADDR      = "Boston,\ " # MASSACHUSETTS}
@string{ICNP_2003_ADDR       = "Atlanta,\ " # GEORGIA}
@string{ICS_2002_ADDR        = "New York City"}
@string{ICS_1988_ADDR        = "Saint Malo, France"}
@string{ICS_1989_ADDR        = "Crete, Greece"}
@string{ICS_1990_ADDR        = "Amsterdam, The Netherlands"}
@string{ICS_1991_ADDR        = "Cologne, West Germany"}
@string{ICS_1992_ADDR        = "Washington, DC"}
@string{ICS_1993_ADDR        = "Tokyo, Japan"}
@string{ICS_1994_ADDR        = "Manchester, England"}
@string{ICS_1995_ADDR        = "Barcelona, Spain"}
@string{ICS_1996_ADDR        = "Philadelphia,\ " # PENNSYLVANIA}
@string{ICS_1997_ADDR        = "Vienna, Austria"}
@string{ICS_1998_ADDR        = "Melbourne, Australia"}
@string{ICS_1999_ADDR        = "Rhodes, Greece"}
@string{ICS_2000_ADDR        = "Santa Fe,\ " # NEW_MEXICO}
@string{ICS_2001_ADDR        = "Sorrento, Italy"}
@string{INFOCOM_2000_ADDR    = "Tel-Aviv, Israel"}
@string{INFOCOM_2002_ADDR    = "New York City"}
@string{IPTPS_2002_ADDR      = "Cambridge,\ " # MASSACHUSETTS}
@string{ISCA_1998_ADDR       = "Barcelona, Spain"}
@string{LISA_1997_ADDR       = "San Diego,\ " # CALIFORNIA}
@string{LISA_2007_ADDR       = "Dallas,\ " # TEXAS}
@string{MIDDLEWARE_2001_ADDR = "Heidelberg, Germany"}
@string{MUG_2000_ADDR        = "Lyon, France"}
@string{NETWORKING_2002_ADDR = "Pisa, Italy"}
@string{NOSSDAV_1997_ADDR    = "St.~Louis,\ " # MISSOURI}
@string{NOSSDAV_1998_ADDR    = "Cambridge, UK"}
@string{OLS_ADDR             = "Ottawa, Ontario, Canada"}
@string{OPENARCH_2001_ADDR   = "Anchorage,\ " # ALASKA}
@string{OPENARCH_2002_ADDR   = "New York City"}
@string{OSDI_1994_ADDR       = "Monterey,\ " # CALIFORNIA}
@string{OSDI_1996_ADDR       = "Seattle,\ " # WASHINGTON}
@string{OSDI_1999_ADDR       = "New Orleans,\ " # LOUISIANA}
@string{OSDI_2002_ADDR       = "Boston,\ " # MASSACHUSETTS}
@string{NSDI_2004_ADDR       = "San Francisco,\ " # CALIFORNIA}
@string{NSDI_2005_ADDR       = "Boston,\ " # MASSACHUSETTS}
@string{NSDI_2006_ADDR       = "San Jose,\ " # CALIFORNIA}
@string{NSDI_2007_ADDR       = "Cambridge,\ " # MASSACHUSETTS}
@string{NSDI_2008_ADDR       = "San Francisco,\ " # CALIFORNIA}
@string{PERVASIVE_2002_ADDR  = "Zurich, Switzerland"}
@string{SANE_2000_ADDR       = "Maastricht, The Netherlands"}
@string{SIGCOMM_1988_ADDR    = "Stanford,\ " # CALIFORNIA}
@string{SIGCOMM_1992_ADDR    = "Baltimore,\ " # MARYLAND}
@string{SIGCOMM_1994_ADDR    = "London"}
@string{SIGCOMM_1996_ADDR    = "Stanford,\ " # CALIFORNIA}
@string{SIGCOMM_1997_ADDR    = "Cannes, France"}
@string{SIGCOMM_1998_ADDR    = "Vancouver, British Columbia, Canada"}
@string{SIGCOMM_1999_ADDR    = "Cambridge,\ " # MASSACHUSETTS}
@string{SIGCOMM_2001_ADDR    = "San Diego,\ " # CALIFORNIA}
@string{SIGMETRICS_2000_ADDR = "Santa Clara,\ " # CALIFORNIA}
@string{SIGMETRICS_2001_ADDR = "Cambridge,\ " # MASSACHUSETTS}
@string{SOSP_1995_ADDR       = "Copper Mountain Resort,\ " # COLORADO}
@string{SOSP_1999_ADDR       = "Kiawah Island Resort,\ " # SOUTH_CAROLINA}
@string{SOSP_2001_ADDR       = "Banff, Alberta, Canada"}
@string{SOSP_2003_ADDR       = "Lake George,\ " # NEW_YORK}
@string{USENIX_2005_ADDR     = "Anaheim,\ " # CALIFORNIA}
@string{USENIX_2004_ADDR     = "Boston,\ " # MASSACHUSETTS}
@string{USITS_2003_ADDR      = "Seattle,\ " # WASHINGTON}
@string{WISP_1998_ADDR       = "Madison,\ " # WISCONSIN}
@string{WSS_2000_ADDR        = "Seattle,\ " # WASHINGTON}

@string{JANUARY    = "Jan"}
@string{FEBRUARY   = "Feb"}
@string{MARCH      = "Mar"}
@string{APRIL      = "Apr"}
@string{MAY        = "May"}
@string{JUNE       = "Jun"}
@string{JULY       = "Jul"}
@string{AUGUST     = "Aug"}
@string{SEPTEMBER  = "Sep"}
@string{OCTOBER    = "Oct"}
@string{NOVEMBER   = "Nov"}
@string{DECEMBER   = "Dec"}




@InProceedings{Alexander_SIGCOMM_1997,
   Author       = "D. Scott Alexander and Marianne Shaw and Scott M. Nettles
                   and Jonathan M. Smith",
   Title        = "{Active Bridging}",
   Booktitle    = SIGCOMM_1997,
   Address      = SIGCOMM_1997_ADDR,
   Pages        = "101--111",
   Month        = SEPTEMBER,
   Year         = 1997
}


@Manual{ACEnic_DS,
   Title        = "{{ACEnic} Server-Optimized 10/100/1000 Mbps Ethernet
                    Adapters Datasheet}",
   Organization = "{Alteon WebSystems, Inc.}",
   Address      = "San Jose,\ " # CALIFORNIA,
   Month        = AUGUST,
   Year         = 1999
}


@InProceedings{Alverson_ICS_1990,
   Author       = "R. Alverson and D. Callahan and D. Cummings and B. Koblenz
                   and A. Poterfield and B. Smith",
   Title        = "{The Tera Computer System}",
   Booktitle    = ICS_1990,
   Address      = ICS_1990_ADDR,
   Pages        = "1--6",
   Month        = JUNE,
   Year         = 1990
}


%              Andersen_SOSP_2001 -- AKA: Andersen01
@InProceedings{Andersen_SOSP_2001,
   Author       = "David Andersen and Hari Balakrishnan and Frans Kaashoek
                   and Robert Morris",
   Title        = "{Resilient Overlay Networks}",
   Booktitle    = SOSP_2001,
   Address      = SOSP_2001_ADDR,
   Pages        = "131--145",
   Month        = OCTOBER,
   Year         = 2001
}

@InProceedings{Annapureddy_NSDI_2005,
   Author       = "Siddhartha Annapureddy and Michael J. Freedman and David Mazi\`{e}res",
   Title        = "{Shark: Scaling File Servers via Cooperative Caching}",
   Booktitle    = NSDI_2005,
   Address      = NSDI_2005_ADDR,
   Month        = may,
   Year         = {2005},
}

@Misc{VMWare,
  key =          "VMWare",
  title =        "{VMWare Workstation}",
  note =         "\url{http://www.vmware.com/}",
}

@Misc{Apt,
  key =          "Apt",
  title =        "{Debian APT tool ported to Red Hat Linux}",
  note =         "\url{http://www.apt-get.org/}",
}


@Misc{storkwebsite,
  key =          "Stork",
  title =        "{Stork Project}",
  note =         "\url{http://www.cs.arizona.edu/stork/}",
}



@Article{Baker_RFC1812,
   Author       = "F. Baker",
   Title        = "{Requirements for {IP} Version 4 Routers; {RFC} 1812}",
   Journal      = RFC,
   Month        = JUNE,
   Year         = 1995
}


%              Balazinska_PERVASIVE_2002 -- AKA: Balazinska02,
@InProceedings{Balazinska_PERVASIVE_2002,
   Author       = "Magdalena Balazinska and Hari Balakrishnan and David Karger",
   Title        = "{INS/Twine: A Scalable Peer-to-Peer Architecture for 
                   Intentional Resource Discovery}",
   Booktitle    = PERVASIVE_2002,
   Address      = PERVASIVE_2002_ADDR,
   Pages        = "195--210",
   Month        = AUGUST,
   Year         = 2002
}


%              Banga_OSDI_1999 -- AKA: banga99resource
@InProceedings{Banga_OSDI_1999,
   Author       = "Gaurav Banga and Peter Druschel and Jeffrey C. Mogul",
   Title        = "{Resource Containers: A New Facility for Resource
                    Management in Server Systems}",
   Booktitle    = OSDI_1999,
   Address      = OSDI_1999_ADDR,
   Pages        = "45--58",
   Month        = FEBRUARY,
   Year         = "1999",
   url          = "citeseer.nj.nec.com/banga99resource.html"
}


@InProceedings{Barham_SOSP_2003,
   Author       = "Paul Barham and Boris Dragovic and Keir Fraser
                   and Steven Hand and Tim Harris and Alex Ho
                   and Rolf Neugebauer and Ian Pratt and Andrew Warfield",
   Title        = "{Xen and the {A}rt of {V}irtualization}",
   Booktitle    = SOSP_2003,
   Address      = SOSP_2003_ADDR,
   Month        = OCTOBER,
   Year         = 2003
}
% Needs pages


@TechReport{Bavier_TR_1999,
   Author       = "Andy Bavier and Larry Peterson and David Mosberger",
   Title        = "{{BERT}: A Scheduler for Best-Effort and Realtime Paths}",
   Institution  = "Department of Computer Science, Princeton University",
   Number       = "TR--602--99",
   Month        = MARCH,
   Year         = 1999
}


@TechReport{Bavier_TR_2002,
   Author       = "Andy Bavier and Thiemo Voigt and Mike Wawrzoniak
                   and Larry Peterson",
   Title        = "{{SILK}: Scout Paths in the Linux Kernel}",
   Institution  = "Department of Information Technology, Uppsala University",
   Address      = "Uppsala, Sweden",
   Number       = "2002--009",
   Month        = FEBRUARY,
   Year         = 2002
}

@InProceedings{Bavier_NSDI_2004,
   Author       = "Andy Bavier and Mic Bowman and David Culler and
                  Brent Chun and Scott Karlin and Steve Muir and " #
                  A_LLP # " and " # A_TR # " and Tammo Spalink and " #
                  A_MHW,
   Title        = "{Operating System Support for Planetary-Scale
                  Network Services}",
   Booktitle    = NSDI_2004,
   Address      = NSDI_2004_ADDR,
   Month        = mar,
   Year         = {2004},
}

@misc{plkmod_web_page,
   Author       = "{Plkmod: SILK in PlanetLab}",
   Title        = "",
   Note         = "\url{http://www.cs.princeton.edu/~acb/plkmod}"
}

@InProceedings{Bennett_SIGCOMM_1996,
   Author       = "Jon C. R. Bennett and Hui Zhang",
   Title        = "{Hierarchical Packet Fair Queueing Algorithms}",
   Comment      = "WF2Q+ is here",
   Booktitle    = SIGCOMM_1996,
   Address      = SIGCOMM_1996_ADDR,
   Pages        = "143--156",
   Month        = AUGUST,
   Year         = 1996
}


@InProceedings{Black_CCN_1997,
   Author       = "Richard Black and Paul Barham and Austin Donnelly
                   and Neil Stratford",
   Title        = "{Protocol {I}mplementation in a {V}ertically {S}tructured
                   {O}perating {S}ystem}",
   Booktitle    = "Proc.\ IEEE Conf.\ Comp.\ Networks",
   Month        = NOVEMBER,
   Year         = 1997
}
% Needs address, pages
%  Booktitle    = "Proceedings of IEEE Conference on Computer Networks",


@InProceedings{Blumrich_ISCA_1998,
   Author       = "Matthias A. Blumrich and Richard D. Alpert and Yuqun Chen
                   and Douglas W. Clark and Stefanos N. Damianakis
                   and Cezary Dubnicki and Edward W. Felten and Liviu Iftode
                   and Kai Li and Margaret Martonosi and Robert A. Shillner",
   Title        = "{Design Choices in the {SHRIMP} System: An Empirical Study}",
   Booktitle    = ISCA_1998,
   Address      = ISCA_1998_ADDR,
   Pages        = "330--341",
   Month        = JUNE,
   Year         = 1998
}


@Article{Boden_MICRO_1995,
   Author       = "Nanette J. Boden and Danny Cohen and Robert E. Felderman
                   and Alan E. Kulawik and Charles L. Seitz and Jakov N. Seizovic
                   and Wen-King Su",
   Title        = "{Myrinet: A Gigabit-per-Second Local Area Network}",
   Journal      = MICRO,
   Volume       = 15,
   Number       = 1,
   Pages        = "29--36",
   Year         = 1995
}


@InProceedings{Bolosky_WSS_2000,
   Author       = "William J. Bolosky and Scott Corbin and David Goebel
                   and John R. Douceur",
   Title        = "{Single Instance Storage in Windows 2000}",
   Booktitle    = WSS_2000,
   Address      = WSS_2000_ADDR,
   Pages        = "13--24",
   Month        = AUGUST,
   Year         = 2000
}

@InProceedings{Brett_WORLDS_2004,
   Author       = "Paul Brett and Rob Knauerhase and Mic Bowman and Robert Adams and Aroon Nataraj and Jeff Sedayao and Michael Spindel",
   Title        = "{A shared global event propagation system to enable next generation distributed services}",
   Booktitle    = WORLDS_2004,
   year =         2004,
   address =      SAN_FRANCISCO,
   month =        DECEMBER,
}

@InProceedings{Campbell_IXA_2001,
   Author       = "Andrew T. Campbell and S. Chou and Michael E. Kounavis
                   and V. D. Stachtos",
   Title        = "{Implementing Routelets: Virtual Router Support for the {IXP1200}
                    Network Processor}",
   Booktitle    = "Proceedings of the IXA University Program Workshop",
   Address      = "Portland, Oregon",
   Month        = JUNE,
   Year         = 2001
}


@InProceedings{Chiueh_ICDCS_2000,
   Author       = "{Tzi-cker} Chiueh and Prashant Pradhan",
   Title        = "{Suez: A Cluster-based Scalable Real-Time Packet Router}",
   Booktitle    = ICDCS_2000,
   Address      = ICDCS_2000_ADDR,
   Pages        = "136--143",
   Year         = 2000
}


%              Chu_SIGMETRICS_2000 -- AKA: Chu00,
@InProceedings{Chu_SIGMETRICS_2000,
   Author       = "{Yang-hua} Chu and Sanjay Rao and Hui Zhang",
   Title        = "{A Case For End System Multicast}",
   Booktitle    = SIGMETRICS_2000,
   Address      = SIGMETRICS_2000_ADDR,
   Pages        = "1--12",
   Month        = JUNE,
   Year         = 2000
}


@Misc{Chun02,
   Author       = "Brent Chun and Jason Lee and Hakim Weatherspoon",
   Title        = "{Netbait: a Distributed Worm Detection Service}",
   Note         = "\url{http://netbait.planet-lab.org/}",
   Year         = 2002
}



@Article{Chun_CCR_2003,
  author =       "Brent Chun and others",
  title =        "{PlanetLab: An Overlay Testbed for Broad-Coverage
                  Services}",
  journal =      CCR,
  year =         2003,
  volume =       33,
  number =       3,
  month =        JULY
}

@inproceedings{ Chutani_USENIX_1992,
    author = "S. Chutani and O. T. Anderson and M. L. Kazar and B. W. Leverett and W. A. Mason and R. N. Sidebotham",
    title = "The {Episode} File System",
    booktitle = "Proceedings of the {USENIX} Winter 1992 Technical Conference",
    address = "San Fransisco, CA, USA",
    pages = "43--60",
    year = "1992",
    url = "citeseer.ist.psu.edu/chutani92episode.html" }


@InProceedings{Clark_SIGCOMM_1988,
   Author       = "David D. Clark",
   Title        = "{The Design Philosophy of the {DARPA} Internet Protocols}",
   Booktitle    = SIGCOMM_1988,
   Address      = SIGCOMM_1988_ADDR,
   Pages        = "106--114",
   Month        = AUGUST,
   Year         = 1988
}


@Article{Clark_TON_1998,
   Author       = "David D. Clark and Wenjia Fang",
   Title        = "{Explicit Allocation of Best-Effort Packet Delivery Service}",
   Journal      = TON,
   Volume       = 6,
   Number       = 4,
   Pages        = "362--373",
   Month        = AUGUST,
   Year         = 1998
}


@InProceedings{Clark_SIGCOMM_1992,
   Author       = "David D. Clark and Scott Shenker and Lixia Zhang",
   Title        = "{Supporting Real-Time Applications in an Integrated
                    Services Packet Network: Architecture and Mechanism}",
   Booktitle    = SIGCOMM_1992,
   Address      = SIGCOMM_1992_ADDR,
   Pages        = "14--26",
   Month        = AUGUST,
   Year         = 1992
}

@InProceedings{BitTorrent,
   Author       = "Bram Cohen",
   Title        = "{Incentives Build Robustness in BitTorrent}",
   booktitle =    "Workshop on Economics of Peer-to-Peer Systems",
   year =         2003,
}


@Article{Bugnion_TOCS_1997,
   Author       = "Edouard Bugnion and Scott Devine and Kinshuk Govil and Mendel Rosenblum",
   Title        = "{Disco: running commodity operating systems on scalable multiprocessors}",
   Journal      = TOCS,
   Volume       = 15,
   Number       = 4,
   Pages        = "412--447",
   Month        = NOVEMBER,
   Year         = 1997
}


@inproceedings{ Chankhunthod_USENIX_1996,
    author = "Anawat Chankhunthod and Peter B. Danzig and Chuck Neerdaels and Michael F. Schwartz and Kurt J. Worrell",
    title = "A Hierarchical Internet Object Cache",
    booktitle = "{USENIX} Annual Technical Conference",
    pages = "153-164",
    year = "1996",
    url = "citeseer.ist.psu.edu/article/chankhunthod95hierarchical.html" }


@Misc{CORBA,
  title =        "{Common Object Request Broker Architecture
                  (CORBA)}",
  author =       "{Object Management Group (OMG)}",
  note =         "\url{http://www.corba.org/}"
}


@InProceedings{Crowley_2000,
   Author       = "Patrick Crowley and Marc E. Fiuczynski and Jean-Loup Baer and Brian N. Bershad",
   Title        = "{Workloads for Programmable Network Interfaces}",
   Booktitle    = "IEEE 2nd Annual Workshop on Workload Characterization",
   Address      = "Austin, Texas",
   Note         = "Also appears as Chapter 7 in~\cite{John_2000}",
   Comment      = "Be sure to use \nocite{John_2000} when referencing this
                   work to avoid extra LaTeX / BibTeX cycles",
   Month        = OCTOBER,
   Year         = 1999
}


@manual{VIA_1.0,
   Title        = "{Virtual Interface Architecture Specification, Version~1.0}",
   Organization = "{Compaq Computer Corporation, Intel Corporation,
                    Microsoft Corporation}",
   Month        = DECEMBER,
   Year         = 1997
}


%              Dabek_SOSP_2001 -- AKA: Dabek01
@InProceedings{Dabek_SOSP_2001,
   Author       = "Frank Dabek and M. Frans Kaashoek and David Karger and 
                   Robert Morris and Ion Stoica",
   Title        = "{Wide-area cooperative storage with CFS}",
   Booktitle    = SOSP_2001,
   Address      = SOSP_2001_ADDR,
   Pages        = "202--215",
   Month        = OCTOBER,
   Year         = 2001
}


@InProceedings{Dasen_ACTS_1996,
   Author       = "Marcel Dasen and George Fankhauser and Bernhard Plattner",
   Title        = "{An Error Tolerant, Scalable Video Stream Encoding and
                    Compression for Mobile Computing}",
   Booktitle    = ACTS_1996,
   Address      = ACTS_1996_ADDR,
   Pages        = "762--771",
   Month        = NOVEMBER,
   Year         = "1996"
}


@Misc{Davie_PC_1999,
   Author       = "Bruce Davie",
   Note         = "Personal Communication",
   Month        = AUGUST,
   Year         = 1999
}


@Book{Davie_MPLS_2000,
   Author       = "Bruce Davie and Yakov Rekhter",
   Title        = "{MPLS: Technology and Applications}",
   Publisher    = "Morgan Kaufmann Publishers, Inc.",
   Year         = 2000
}


@InProceedings{Decasper_SIGCOMM_1998,
   Author       = "Dan Decasper and Zubin Dittia and Guru Parulkar
                   and Bernhard Plattner",
   Title        = "{Router Plugins: A Software Architecture for Next
                    Generation Routers}",
   Booktitle    = SIGCOMM_1998,
   Address      = SIGCOMM_1998_ADDR,
   Pages        = "229--240",
   Month        = SEPTEMBER,
   Year         = 1998
}


@Article{Decasper_TON_2000,
   Author       = "Dan Decasper and Zubin Dittia and Guru Parulkar
                   and Bernhard Plattner",
   Title        = "{Router Plugins: A Software Architecture for Next
                    Generation Routers}",
   Journal      = TON,
   Volume       = 8,
   Number       = 1,
   Pages        = {2--15},
   Month        = FEBRUARY,
   Year         = 2000,
}


@InProceedings{Degermark_SIGCOMM_1997,
   Author       = "Mikael Degermark and Andrej Brodnik and Svante Carlsson
                   and Stephen Pink",
   Title        = "{Small Forwarding Tables for Fast Routing Lookups}",
   Booktitle    = SIGCOMM_1997,
   Address      = SIGCOMM_1997_ADDR,
   Pages        = "3--14",
   Month        = OCTOBER,
   Year         = 1998
}


@Manual{Pamette_UG_1998,
   Title        = "{DIGITAL PCI Development Platform Reconfigurable Hardware
                    Device for the PCI Bus User's Guide}",
   Organization = "{Digital Equipment Corporation}",
   Note         = "{\url{http://www.research.digital.com/SRC/pamette/}}",
   Address      = "Maynard,\ " # MASSACHUSETTS,
   Month        = APRIL,
   Year         = 1998
}


@InProceedings{Dike_LSC_2001,
   Author       = "Jeff Dike",
   Title        = "{User-mode {Linux}}",
   Booktitle    = "Proceedings of the 5th Annual Linux Showcase and Conference",
   Address      = "Oakland,\ " # CALIFORNIA,
   Month        = NOVEMBER,
   Year         = 2001,
}
% Need pages


@Misc{dpkg,
  key =          "dpkg",
  title =        "{Debian -- dpkg}",
  note =         "\url{http://packages.debian.org/stable/base/dpkg}",
}


@InProceedings{Draves_WWOS_1992,
  author =       "R. P. Draves and B. N. Bershad and A. F. Forin",
  title =        "{Using Microbenchmarks to Evaluate System Performance}",
  booktitle =    WWOS_1992,
  pages =        "154--159",
  month =        APRIL,
  year =         1992,
}

@InProceedings{Druschel_OSDI_1996,
   Author       = "Peter Druschel and Gaurav Banga",
   Title        = "{Lazy Receiver Processing ({LRP}): A Network Subsystem
                    Architecture for Server Systems}",
   Booktitle    = OSDI_1996,
   Address      = OSDI_1996_ADDR,
   Pages        = "261--275",
   Month        = OCTOBER,
   Year         = 1996
}


@InProceedings{Druschel_SIGCOMM_1994,
   Author       = "Peter Druschel and Larry L. Peterson and Bruce S. Davie",
   Title        = "{Experiences with a High-Speed Network Adaptor: A Software
                    Perspective}",
   Booktitle    = SIGCOMM_1994,
   Address      = SIGCOMM_1994_ADDR,
   Pages        = "2--13",
   Month        = OCTOBER,
   Year         = 1994
}


%              Engler_SIGCOMM_1996 -- AKA: dpf:sigcomm96
@InProceedings{Engler_SIGCOMM_1996,
   Author       = "Dawson R. Engler and M. Frans Kaashoek",
   Title        = "{DPF}: fast, flexible message demultiplexing using dynamic
                   code generation",
   Booktitle    = SIGCOMM_1996,
   Address      = SIGCOMM_1996_ADDR,
   Pages        = "53--59",
   Month        = AUGUST,
   Year         = 1996
}


%     ENSIM_2000 -- AKA: ensim
@Misc{ENSIM_WEB,
   Author       = "{Ensim Corp.}",
   Title        = "{Ensim Virtual Private Server}",
   HowPublished = "{\url{http://www.ensim.com/products/\\
privateservers/index.html}}",
}


@Article{Eugster_ACMCS_2003,
  author =       "Patrick Th. Eugster and Pascal Felber and Rachid Guerraoui and Anne-Marie Kermarrec",
  title =        "{The Many Faces of Publish/Subscribe}",
  Journal =    "ACM Computing Surveys",
  Volume       = 35,
  Number       = 2,
  Pages        = "114--131",
  Month        = JUNE,
  year =         2003,
}


@TechReport{Fankhauser_TR_1998,
   Author       = "George Fankhauser and Marcel Dasen and Nathalie Weiler
                   and Bernhard Plattner and Burkhard Stiller",
   Title        = "{The {WaveVideo} System and Network Architecture: Design and
                    Implementation}",
   Number       = 44,
   Institution  = {Institute TIK},
   Address      = {Gloriastrasse 35, 8092 Z\"urich, Switzerland},
   Month        = JUNE,
   Year         = 1998
}


@Article{Fielding_RFC2616,
   Author       = "R. Fielding and J. Gettys and J. C. Mogul and H. Frystyk
                   and L. Masinter and P. Leach and T. Berners-Lee",
   Title        = "{Hypertext Transfer Protocol -- {HTTP}/1.1; {RFC} 2616}",
   Journal      = RFC,
   Month        = JUNE,
   Year         = 1999
}


@InProceedings{Fiuczynski_NOSSDAV_1998,
   Author       = "Marc E. Fiuczynski and Richard P. Martin and Tsutomu Owa
                   and Brian N. Bershad",
   Title        = "{On Using Intelligent Network Interface Cards to support
                    Multimedia Applications}",
   Booktitle    = NOSSDAV_1998,
   Address      = NOSSDAV_1998_ADDR,
   Pages        = "95--98",
   Month        = JULY,
   Year         = 1998,
}


@InProceedings{Fiuczynski_EWSCDA_1998,
   Author       = "Marc E. Fiuczynski and Richard P. Martin and Tsutomu Owa
                   and Brian N. Bershad",
   Title        = "{{SPINE}: A Safe Programmable and Integrated Network Environment}",
   Booktitle    = EWSCDA_1998,
   Address      = EWSCDA_1998_ADDR,
   Pages        = "7--12",
   Month        = SEPTEMBER,
   Year         = 1998
}


@TechReport{Fiuczynski_TR_1998,
   Author       = "Marc E. Fiuczynski and Brian N. Bershad and Richard P. Martin
                   and David E. Culler",
   Title        = "{{SPINE:} An Operating System for Intelligent Network Adapters}",
   Number       = "UW TR--98--08--01",
   Institution  = "University of Washington",
   Address      = "Seattle, WA",
   Month        = AUGUST,
   Year         = 1998
}


@InProceedings{Ford_OSDI_1999,
  author =       "Bryan Ford and Mike Hibler and Jay Lepreau and
                  Roland McGrath and Patrick Tullmann",
  title =        "{Interface and Execution Models in the Fluke Kernel}",
  booktitle =    OSDI_1999,
  address =      OSDI_1999_ADDR,
  month =        FEBRUARY,
  year =         1999
}


@Book{Foster_GRID_1999,
   Editor       = "Ian Foster and Carl Kesselman",
   Title        = "{The Grid: Blueprint for a New Computing Infrastructure}",
   Publisher    = "Morgan Kaufmann Publishers, Inc.",
   Year         = 1999
}


%     Foster_GRID_2002 -- AKA: foster02physiogrid
@Misc{Foster_GRID_2002,
   Author       = "Ian Foster and Carl Kesselman and Jeffrey M. Nick
                   and Steven Tuecke",
   Title        = "{The Physiology of the Grid: An Open Grid Services
                    Architecture for Distributed Systems Integration}",
   HowPublished = "{\url{www.gridforum.org/ogsi-wg/drafts/ogsa_draft2.9_2002-06-22.pdf}}",
   Month        = JUNE,
   Year         = 2002,
}
%   Note         = {draft 2.9}


@InProceedings{Fournet_POPL_2002,
  author =       "Cedric Fournet and Andrew D. Gordon",
  title =        "{Stack Inspection: Theory and Variants}",
  booktitle =    "Proceedings of the 29th ACM Symposium on Principles
                  of Programming Languages",
  year =         2002,
  address =      "Portland, " # OREGON,
  month =        JANUARY,
}


@InProceedings{Fox_ASPLOS_1996,
   Author       = "Armando Fox and Steven D. Gribble and Eric A. Brewer
                   and Elan Amir",
   Title        = "{Adapting to Network and Client Variability via
                    On-Demand Dynamic Distillation}",
   Booktitle    = ASPLOS_1996,
   Address      = ASPLOS_1996_ADDR,
   Pages        = "160--170",
   Month        = OCTOBER,
   Year         = 1996
}


@InProceedings{Freedman_NSDI_2004,
   Author       = "Michael J. Freedman and Eric Freudenthal and David Mazi\`{e}res",
   Title        = "Democratizing content publication with Coral",
   Booktitle    = NSDI_2004,
   Address      = NSDI_2004_ADDR,
   Month        = mar,
   Year         = 2004
}



%              Fu_SOSP_2003 -- AKA: fu.sharp.2003
@InProceedings{Fu_SOSP_2003,
   Author       = "Yun Fu and Jeff Chase and Brent Chun and Steve Schwab and Amin Vahdat",
   Title        = "SHARP: An Architecture for Secure Resource Peering",
   Booktitle    = SOSP_2003,
   Address      = SOSP_2003_ADDR,
   Month        = OCTOBER,
   Year         = 2003
}
% Needs pages

@Article{Fu_TOCS_2002,
   Author       = "Kevin Fu and M. Frans Kaashoek and David Mazi\`{e}res",
   Title        = "{The {Click} Modular Router}",
   Journal      = TOCS,
   Volume       = 20,
   Number       = 1,
   Pages        = "1--24",
   Month        = FEBRUARY,
   Year         = 2002
}


@InProceedings{Garfinkel_SNDSS_2004,
  author =       "T. Garfinkel and B. Pfaff and M. Rosenblum",
  title =        "{Ostia: A Delegating Architecture for Secure System
                  Call Interposition}",
  booktitle =    "Proc.\ 2004 Symposium on Network and Distributed
                  System Security",
  year =         2004,
}

@InProceedings{Ghemawat_SOSP_2003,
  author =       "Sanjay Ghemawat and Howard Gobioff and Shun-Tak Leung",
  title =        "{The Google file system}",
  booktitle =    SOSP_2003,
  address      = SOSP_2003_ADDR,
  month        = OCTOBER,
  year =         2003
}

@Book{Gong_1999,
  author =       "L. Gong",
  title =        "{Inside Java 2 Platform Security}",
  publisher =    "Addison Wesley",
  year =         1999
}

@InProceedings{Gottlieb_OPENARCH_2002,
   Author       = "Yitzchak Gottlieb and Larry Peterson",
   Title        = "{A Comparative Study of Extensible Routers}",
   Booktitle    = OPENARCH_2002,
   Address      = OPENARCH_2002_ADDR,
   Pages        = "51--62",
   Month        = JUNE,
   Year         = 2002
}


@InProceedings{Goyal_SIGCOMM_1996,
   Author       = "Pawan Goyal and Harrick M. Vin and Haichen Cheng",
   Title        = "{Start-time Fair Queueing: A Scheduling Algorithm for
                    Integrated Services Packet Switching Networks}",
   Booktitle    = SIGCOMM_1996,
   Address      = SIGCOMM_1996_ADDR,
   Pages        = "157--168",
   Month        = AUGUST,
   Year         = 1996
}


@InProceedings{Goyal_OSDI_1996,
   Author       = "Pawan Goyal and Xingang Guo and Harrick Vin",
   Title        = "{A Hierarchical {CPU} Scheduler for Multimedia Operating
                    Systems}",
   Booktitle    = OSDI_1996,
   Address      = OSDI_1996_ADDR,
   Pages        = "107--122",
   Month        = OCTOBER,
   Year         = 1996
}


@Book{Habermann_1976,
   Author       = "A. N. Habermann",
   Title        = "{Introduction to Operating System Design}",
   Publisher    = "Science Research Associates, Inc.",
   Year         = 1976
}


@InBook{Habermann_1976_crit,
   Author       = "A. N. Habermann",
   Title        = "{Introduction to Operating System Design}",
   Publisher    = "Science Research Associates, Inc.",
   Pages        = "72--75",
   Year         = 1976
}


@Misc{Hady_PC_2002,
   Author       = "Frank Hady",
   Note         = "Personal Communication",
   Month        = JUNE,
   Year         = 2002
}


%        Hardy_OSR_1985 -- AKA: hardy85
@Article{Hardy_OSR_1985,
   Author       = "Norman Hardy",
   Title        = "{The {KeyKOS} {A}rchitecture}",
   Journal      = OSR,
   Volume       = 19,
   Number       = 4,
   Pages        = "8--25",
   Month        = OCTOBER,
   Year         = 1985
}

@InProceedings{Hicks_ICFP_1998,
   Author       = "Michael Hicks and Pankaj Kakkar and Jonathan T. Moore
                   and Carl A. Gunter and Scott Nettles",
   Title        = "{PLAN}: {A} Packet Language for Active Networks",
   Booktitle    = ICFP_1998,
   Address      = ICFP_1998_ADDR,
   Pages        = "86--93",
   Month        = SEPTEMBER,
   Year         = 1998
}



@inproceedings{ Hitz_USENIX_94,
    author = "D. Hitz and J. Lau and M. Malcolm",
    title = "File System Design for an {NFS} File Server Appliance",
    booktitle = "Proceedings of the {USENIX} Winter 1994 Technical Conference",
    month = "17--21",
    address = "San Fransisco, CA, USA",
    pages = "235--246",
    year = "1994",
    url = "citeseer.ist.psu.edu/hitz95file.html" }




@article{Howard_TOCS_1988,
 author = {John H. Howard and Michael L. Kazar and Sherri G. Menees and David A. Nichols and M. Satyanarayanan and Robert N. Sidebotham and Michael J. West},
 title = {Scale and performance in a distributed file system},
 journal = {ACM Trans. Comput. Syst.},
 volume = {6},
 number = {1},
 year = {1988},
 issn = {0734-2071},
 pages = {51--81},
 doi = {http://doi.acm.org/10.1145/35037.35059},
 publisher = {ACM Press},
 address = {New York, NY, USA},
 }


@Manual{IBM_PowerNP,
   Title        = "{{IBM} {PowerNP} NP4GS3 Network Processor Solutions Product Overview}",
   Organization = "IBM Microelectronics Division",
   Month        = APRIL,
   Year         = 2001
}


@Manual{IEEE_802_3,
   Author       = "{IEEE Standard 802.3}",
   Title        = "{Part 3: Carrier sense multiple access with collision
                    detection (CSMA/CD) access method and physical layer
                    specifications}",
   Organization = "IEEE",
   Address      = "New York, NY",
   Month        = OCTOBER,
   Year         = 2000
}


@Manual{InfiniBand_1.0_v1,
   Title        = "{InfiniBand Architecture Specification, Release~1.0}",
   Organization = "{InfiniBand Trade Association}",
   Volume       = 1,
   Month        = OCTOBER,
   Year         = 2000
}


@Manual{IXP1200DS,
   Title        = "{{IXP1200} Network Processor Datasheet}",
   Organization = "{Intel Corporation}",
   Month        = SEPTEMBER,
   Year         = 2000
}


@Manual{IXP1200EESUG,
   Title        = "{{IXP1200} Network Processor
                    Ethernet Evaluation System User's Guide}",
   Organization = "{Intel Corporation}",
   Month        = OCTOBER,
   Year         = 2000
}


@Manual{Intel_IXP12EB,
   Title        = "{{IXP12EB} {Intel} {IXP1200} Network Processor
                    {Ethernet} Evaluation Kit Product Brief}",
   Organization = "{Intel Corporation}",
   Year         = 2000
}


@Manual{I2O_2.0,
   Title        = "{Intelligent I/O (${\mathrm{I_2 O}}$) Architecture
                    Specification, Version~2.0}",
   Organization = "{Intelligent I/O (${\mathrm{I_2 O}}$) Special
                    Interest Group}",
   Month        = MARCH,
   Year         = 1999
}



@InProceedings{Jim_USENIX_2002,
  author =       "Trevor Jim and Greg Morrisett and Dan Grossman and
                  Michael Hicks",
  title =        "{Cyclone: A Safe Dialect of C}",
  booktitle =    USENIX_2002,
  year =         2002,
  address =      "Monterey, CA",
  month =        JUNE,
}


@Misc{Jin_2003,
   Author       = "C. Jin and D. Wei and S. H. Low and G. Buhrmaster and J. Bunn
                   and D. H. Choe and R. L. A.  Cottrell and J. C. Doyle
                   and W. Feng and O. Martin and H. Newman and F. Paganini
                   and S. Ravot and S. Singh",
   Title        = "{FAST TCP: From Theory to Experiments}",
   Note         = "Submitted for publication",
   Month        = APRIL,
   Year         = 2003
}


@Book{John_2000,
   Editor       = "Lizy Kurian John and Ann Marie Grizzaffi Maynard",
   Title        = "{Workload Characterization for Computer System Design}",
   Publisher    = "Kluwer Academic Publishers",
   Address      = "Boston,\ " # MASSACHUSETTS,
   Month        = MARCH,
   Year         = 2000
}


@InProceedings{Kamp_SANE_2000,
   Author       = "Poul-Henning Kamp and Robert N. M. Watson",
   Title        = "{Jails: {C}onfining the {O}mnipotent {R}oot}",
   Booktitle    = SANE_2000,
   Address      = SANE_2000_ADDR,
   Month        = MAY,
   Year         = 2000,
}
% Needs pages


@TechReport{Karlin_TR_1999,
   Author       = "Scott C. Karlin and Douglas W. Clark and Margaret Martonosi",
   Title        = "{{SurfBoard} -- A Hardware Performance Monitor for {SHRIMP}}",
   Institution  = "Princeton University",
   Number       = "TR--596--99",
   Month        = MARCH,
   Year         = 1999
}


@TechReport{Karlin_TR_2002a,
   Author       = "Scott Karlin and Larry Peterson",
   Title        = "{Maximum Packet Rates for Full-Duplex Ethernet}",
   Institution  = "Princeton University",
   Number       = "TR--645--02",
   Month        = FEBRUARY,
   Year         = 2002
}


@InProceedings{Karlin_OPENARCH_2001,
   Author       = "Scott Karlin and Larry Peterson",
   Title        = "{{VERA}: An Extensible Router Architecture}",
   Booktitle    = OPENARCH_2001,
   Address      = OPENARCH_2001_ADDR,
   Pages        = "3--14",
   Month        = APRIL,
   Year         = 2001
}


@Article{Karlin_COMPNW_2002,
   Author       = "Scott Karlin and Larry Peterson",
   Title        = "{{VERA}: An Extensible Router Architecture}",
   Journal      = COMPUTER_NET,
   Volume       = 38,
   Number       = 3,
   Pages        = "277--293",
   Month        = FEBRUARY,
   Year         = 2002
}


@TechReport{Katcher_TR_3022,
  author =       "Jeffery Katcher",
  title =        "{PostMark: A New File System Benchmark}",
  institution =  "{Network Appliance, Inc.}",
  number =       "TR3022",
}


@InProceedings{Keller_INFOCOM_2000,
   Author       = "Ralph Keller and Sumi Choi and Dan Decasper and Marcel Dasen
                   and George Fankhauser and Bernhard Plattner",
   Title        = "{An Active Router Architecture for Multicast Video
                    Distribution}",
   Booktitle    = INFOCOM_2000,
   Address      = INFOCOM_2000_ADDR,
   Pages        = "1137--1146",
   Month        = MARCH,
   Year         = 2000
}


@Article{Kohler_TOCS_2000,
   Author       = "Eddie Kohler and Robert Morris and Benjie Chen
                   and John Jannotti and M. Frans Kaashoek",
   Title        = "{The {Click} Modular Router}",
   Journal      = TOCS,
   Volume       = 18,
   Number       = 3,
   Pages        = "263--297",
   Month        = AUGUST,
   Year         = 2000
}


%              Kostic_SOSP_2003 -- AKA: bullet-sosp-03
@InProceedings{Kostic_SOSP_2003,
   Author       = "Dejan Kosti\'c and Adolfo Rodriguez and Jeannie Albrecht
                   and Amin Vahdat",
   Title        = "{Bullet: High Bandwidth Data Dissemination Using an
                    Overlay Mesh}",
   Booktitle    = SOSP_2003,
   Address      = SOSP_2003_ADDR,
   Month        = OCTOBER,
   Year         = 2003
}
% Needs pages


@InProceedings{Kotsovinos_WORLDS_2004,
  author =       "Evangelos Kotsovinos and Tim Moreton and Ian Pratt
                  and Russ Ross and Keir Fraser and Steven Hand and
                  Tim Harris",
  title =        "{Global-scale service deployment in the XenoServer
                  platform}",
  booktitle =    WORLDS_2004,
  year =         2004,
  address =      SAN_FRANCISCO,
  month =        DECEMBER,
}


@Article{Kounavis_JSAC_2001,
   Author       = "Michael E. Kounavis and Andrew T. Campell and Stephen Chou
                   and Fabien Modoux and John Vicente and Hao Zhuang",
   Title        = "{The {Genesis} Kernel: A Programming System for Spawning
                    Network Architectures}",
   Journal      = JSAC,
   Volume       = 19,
   Number       = 3,
   Pages        = "511--526",
   Month        = MARCH,
   Year         = 2001
}


%              Kubiatowicz_ASPLOS_2000 -- AKA: Kubiatowicz00
@InProceedings{Kubiatowicz_ASPLOS_2000,
   Author       = "John Kubiatowicz and David Bindel and Yan Chen
                   and Steven Czerwinski and Patrick Eaton and Dennis Geels
                   and Ramakrishna Gummadi and Sean Rhea
                   and Hakim Weatherspoon and Westley Weimer
                   and Chris Wells and Ben Zhao",
   Title        = "{OceanStore: An Architecture for Global-Scale Persistent 
                   Storage}",
   Booktitle    = ASPLOS_2000,
   Address      = ASPLOS_2000_ADDR,
   Pages        = "190--201",
   Month        = NOVEMBER,
   Year         = 2000
}


@InProceedings{Kuhns_DANCE_2002,
   Author       = "Fred Kuhns and John DeHart and Anshul Kantawala
                   and Ralph Keller and John Lockwood and Prashanth Pappu
                   and David Richards and David Taylor and Jyoti Parwatikar
                   and Ed Spitznagel and Jon Turner and Ken Wong",
   Title        = "{Design of a High Performance Dynamically Extensible Router}",
   Booktitle    = DANCE_2002,
   Address      = DANCE_2002_ADDR,
   Pages        = "42--64",
   Month        = MAY,
   Year         = 2002
}


@InProceedings{Lakshman_SIGCOMM_1998,
   Author       = "T. V. Lakshman and D. Stiliadis",
   Title        = "{High Speed Policy-based Packet Forwarding Using Efficient
                    Multi-dimensional Range Matching}",
   Booktitle    = SIGCOMM_1998,
   Address      = SIGCOMM_1998_ADDR,
   Pages        = "203--214",
   Month        = SEPTEMBER,
   Year         = 1998
}


@Article{Lamport_CACM_1978,
  author =       "Leslie Lamport",
  title =        "{Time, clocks, and the ordering of events in a
                  distributed system}",
  journal =      CACM,
  year =         1978,
  volume =       21,
  number =       7,
  pages =        "558--565",
  month =        JULY
}

@Article{Lauer_OSR_1979,
   Author       = "H. C. Lauer and R. M. Needham",
   Title        = "{On the Duality of Operating System Structures}",
   Journal      = "Operating Systems Review",
   Volume       = 13,
   Number       = 2,
   Pages        = "3--19",
   Month        = APRIL,
   Year         = 1979
}


@InProceedings{Lavian_HOTOS_2001,
   Author       = "Tal Lavian and Phil Yonghui Wang",
   Title        = "{Active Networking on A Programmable Network Platform}",
   Booktitle    = HOTOS_2001,
   Address      = HOTOS_2001_ADDR,
   Month        = APRIL,
   Year         = 2001
}


@Article{Lee_Computer_2000,
   Author       = "Edward A. Lee",
   Title        = "{What's Ahead for Embedded Software?}",
   Journal      = COMPUTER,
   Volume       = 33,
   Number       = 9,
   Pages        = "18--26",
   Month        = SEPTEMBER,
   Year         = 2000
}


@InProceedings{Lepe_NETWORKING_2002,
   Author       = "Oscar-Iv{\'\a}n Lepe-Aldama and Jorge Garc{\'\i}a-Vidal",
   Title        = "{I/O Bus Usage Control in PC-Based Software Routers}",
   Booktitle    = NETWORKING_2002,
   Address      = NETWORKING_2002_ADDR,
   Pages        = "1135--1140",
   Month        = MAY,
   Year         = 2002
}


@InProceedings{Lepe_ICC_2002,
   Author       = "Oscar-Iv{\'\a}n Lepe-Aldama and Jorge Garc{\'\i}a-Vidal",
   Title        = "{A Performance Model of a PC Based IP Software Router}",
   Booktitle    = ICC_2002,
   Address      = ICC_2002_ADDR,
   Volume       = 2,
   Pages        = "1230--1235",
   Month        = APRIL,
   Year         = 2002
}


%        Leslie_JSAC_1996 -- AKA: leslie96design
@Article{Leslie_JSAC_1996,
   Author       = "Ian M. Leslie and Derek McAuley and Richard Black
                   and Timothy Roscoe and Paul T. Barham and David Evers
                   and Robin Fairbairns and Eoin Hyden",
   Title        = "{The Design and Implementation of an Operating System
                    to Support Distributed Multimedia Applications}",
   Journal      = JSAC,
   Volume       = 14,
   Number       = 7,
   Pages        = "1280--1297",
   Year         = 1996,
   url          = "citeseer.nj.nec.com/leslie96design.html"
}


%     LARTC -- AKA: lartc
@misc{LARTC,
   Author       = "{Linux Advanced Routing and Traffic Control}",
   Title        = "",
   Note         = "{\url{http://lartc.org/}}"
}


%              Litzkow_ICDCS_1988 -- AKA: condor-hunter
@InProceedings{Litzkow_ICDCS_1988,
   Author       = "Michael Litzkow and Miron Livny and Matthew Mutka",
   Title        = "{{C}ondor - A Hunter of Idle Workstations}",
   Booktitle    = ICDCS_1988,
   Address      = ICDCS_1988_ADDR,
   Pages        = "104--111",
   Month        = JUNE,
   Year         = 1988
}


@InProceedings{Loscocco_FREENIX_2001,
  author =       "Peter Loscocco and Stephen Smalley",
  title =        "{Integrating Flexible Support for Security Policies
                  into the Linux Operating System}",
  booktitle =    "Proc. of the 2001 " # USENIX # " (FREENIX Track)",
  year =         2001,
  address =      BOSTON,
  month =        JUNE,
}

@Article{Martonosi_IJPDSN_1998,
   Author       = "Margaret Martonosi and Scott Karlin and Cheng Liao
                   and Douglas W. Clark",
   Title        = "{Performance Monitoring Infrastructure in Shrimp Multicomputers}",
   Journal      = IJPDSN # " (Invited paper in the special issue on Measurement of
                              Program and System Performance)",
   Volume       = 2,
   Number       = 3,
   Pages        = "126--133",
   Year         = 1999
}

@InProceedings{Mazieres_SOSP_1999,
   Author       = "David Mazi\`{e}res and Michael Kaminsky and M. Frans Kaashoek and Emmett Witchel",
   Title        = "{Separating key management from file system security}",
   Booktitle    = SOSP_1999,
   Address      = SOSP_1999_ADDR,
   Pages        = "124--139",
   Month        = DECEMBER,
   Year         = 1999
}

@Article{McKeown_BCR_1997,
   Author       = "Nick McKeown",
   Title        = "{A Fast Switched Backplane for a Gigabit Switched Router}",
   Journal      = BCR,
   Volume       = 27,
   Number       = 12,
   Month        = DECEMBER,
   Year         = 1997
}


@InProceedings{McVoy_USENIX_1996,
  author       = "Larry McVoy and Carl Staelin",
  title        = "{lmbench: Portable Tools for Performance Analysis}",
  booktitle    = USENIX_1996,
  pages        = {279--294},
  year         = 1996,
  month        = JANUARY
}


%              Mercer_ICMCS_1994 -- AKA: mercer94processor
@InProceedings{Mercer_ICMCS_1994,
    Author      = "Clifford W. Mercer and Stefan Savage and Hideyuki Tokuda",
    Title       = "{Processor Capacity Reserves: Operating System Support for
                    Multimedia Applications}",
    Booktitle   = ICMCS_1994,
    Address     = ICMCS_1994_ADDR,
    Pages       = "90--99",
    Month       = MAY,
    Year        = 1994,
    url         = "citeseer.nj.nec.com/mercer94processor.html"
}

@Article{Mills_RFC1129,
   Author       = "David L. Mills",
   Title        = "Internet Time Synchronization: The {Network Time
                  Protocol}",
   Journal      = RFC,
   Month        = OCT,
   Year         = 1989
}

@InProceedings{Mills_SIGCOMM_1988,
   Author       = "David L. Mills",
   Title        = "{The {Fuzzball}}",
   Booktitle    = SIGCOMM_1988,
   Address      = SIGCOMM_1988_ADDR,
   Pages        = "115--122",
   Month        = AUGUST,
   Year         = 1988
}


@Article{Mogul_TOCS_1997,
   Author       = "Jeffrey C. Mogul and K. K. Ramakrishnan",
   Title        = "{Eliminating Receive Livelock in an Interrupt-Driven Kernel}",
   Journal      = TOCS,
   Volume       = 15,
   Number       = 3,
   Pages        = "217--252",
   Month        = AUGUST,
   Year         = 1997
}


@InProceedings{Morris_SOSP_1999,
   Author       = "Robert Morris and Eddie Kohler and John Jannotti
                   and M. Frans Kaashoek",
   Title        = "{The {Click} Modular Router}",
   Booktitle    = SOSP_1999,
   Address      = SOSP_1999_ADDR,
   Pages        = "217--231",
   Month        = DECEMBER,
   Year         = 1999
}


@InProceedings{Mosberger_OSDI_1996,
   Author       = "David Mosberger and Larry L. Peterson",
   Title        = "{Making Paths Explicit in the {Scout} Operating System}",
   Booktitle    = OSDI_1996,
   Address      = OSDI_1996_ADDR,
   Pages        = "153--167",
   Month        = OCTOBER,
   Year         = 1996
}


@PhdThesis{Mosberger_Thesis_1997,
  author = 	 {D. Mosberger},
  title = 	 {Scout: A path-based operating system},
  school = 	 {University of Arizona},
  year = 	 {1997},
}


@InProceedings{Mosberger_WISP_1998,
  author =       "David Mosberger and Tai Jin",
  title =        "{httperf: A Tool For Measuring Web Server Performance}",
  booktitle =    WISP_1998,
  address =      WISP_1998_ADDR,
  month =        JUNE,
  year =         1998,
}


@Article{Moy_RFC2328,
   Author       = "J. Moy",
   Title        = "{OSPF Version 2; {RFC} 2328}",
   Journal      = RFC,
   Month        = APRIL,
   Year         = 1998
}

%              Harren_IPTPS_2002 -- AKA: pier:iptps02
@InProceedings{Harren_IPTPS_2002,
   Author       = "Matthew Harren and Joseph M. Hellerstein and Ryan Huebsch
                  and Boon Thau Loo and Scott Shenker and Ion Stoica",
   Title        = "{Complex Queries in DHT-based Peer-to-Peer Networks}",
   Booktitle    = IPTPS_2002,
   Address      = IPTPS_2002_ADDR,
   Month        = MARCH,
   Year         = 2002
}
% Needs pages


@InProceedings{Nagar_OLS_2003,
  author       = {Shailabh Nabah and Hubertus Franke and Jonghyuk Choi
                  and Chandra Seetharaman and Scott Kaplan and
                  Nivedita Singhi and Vivek Kashyap and Mike Kravetz},
  title        = {Class-based Prioritized Resource Control in {Linux}},
  booktitle    = OLS_2003,
  month        = JULY,
  year         = 2003,
  address      = OLS_ADDR
}


%           Nath_TR_2003 -- AKA: irisnet:tr
@TechReport{Nath_TR_2003,
   Author       = "Suman Nath and Yan Ke and Phillip B. Gibbons and Brad Karp
                   and Srinivasan Seshan",
   Title        = "{IrisNet: An Architecture for Enabling Sensor-Enriched
                    Internet Service}",
   Institution  = "Intel Research Pittsburgh",
   Number       = "IRP--TR--03--04",
   Month        = JUNE,
   Year         = 2003
}


@InProceedings{Osman_OSDI_2002,
  author =       "Steven Osman and Dinesh Subhraveti and Gong Su and
                  Jason Nieh",
  title =        "{The Design and Implementation of Zap: A System for
                  Migrating Computing Environments}",
  booktitle =    OSDI_2002,
  pages =        "361--376",
  year =         2002,
  address =      OSDI_2002_ADDR,
  month =        DECEMBER,
}


@Article{Park_CACM_1988,
   Author       = "Stephen K. Park and Keith W. Miller",
   Title        = "Random number generators: good ones are hard to find",
   Journal      = CACM,
   Volume       = 31,
   Number       = 10,
   Pages        = "1192--1201",
   Month        = OCTOBER,
   Year         = 1988
}

@InProceedings{Park_WORLDS_2004,
   Author       = "KyoungSoo Park and Vivek S. Pai",
   Title        = "{Deploying Large File Transfer on an HTTP Content Distribution Network}",
   Booktitle    = WORLDS_2004,
   year =         2004,
   address =      SAN_FRANCISCO,
   month =        DECEMBER,
}

@InProceedings{Park_NSDI_2006,
   Author       = "KyoungSoo Park and Vivek S. Pai",
   Title        = "{Scale and Performance in the CoBlitz Large-File Distribution Service}",
   Booktitle    = NSDI_2006,
   Address      = NSDI_2006_ADDR,
   Month        = may,
   Year         = {2005},
}

@Article{Partridge_CCR_1990,
   Author       = "Craig Partridge",
   Title        = "{How Slow is One Gigabit Per Second?}",
   Journal      = CCR,
   Volume       = 20,
   Number       = 1,
   Pages        = "44--53",
   Year         = 1990
}


@Article{Partridge_TON_1998,
   Author       = "Craig Partridge and Philip P. Carvey and Ed Burgess
                   and Isidro Castineyra and Tom Clarke and Lise Graham
                   and Michael Hathaway and Phil Herman and Allen King
                   and Steve Kohalmi and Tracy Ma and John Mcallen
                   and Trevor Mendez and Walter C. Milliken
                   and Ronald Pettyjohn and John Rokosz and Joshua Seeger
                   and Michael Sollins and Steve Storch and Benjamin Tober
                   and Gregory D. Troxel and David Waitzman 
                   and Scott Winterble",
   Title        = "{A {50-Gb/s} {IP} Router}",
   Journal      = TON,
   Volume       = 6,
   Number       = 3,
   Pages        = "237--247",
   Month        = JUNE,
   Year         = 1998
}


@InProceedings{Paxson_SIGCOMM_1997,
   Author       = "Vern Paxson",
   Title        = "{Automated Packet Trace Analysis of {TCP} Implementations}",
   Booktitle    = SIGCOMM_1997,
   Address      = SIGCOMM_1997_ADDR,
   Pages        = "167--179",
   Month        = SEPTEMBER,
   Year         = "1997"
}


@manual{PCI_2.2,
   Title        = "{PCI Local Bus Specification, Revision~2.2}",
   Organization = "{PCI Special Interest Group}",
   Address      = "Hillsboro, Oregon",
   Month        = DECEMBER,
   Year         = 1998
}


@TechReport{PDN_03_010,
  author       = "Timothy Roscoe and Larry Peterson and Scott Karlin
                  and Mike Wawrzoniak",
  title = 	 {{A Simple Common Sensor Interface for PlanetLab}},
  institution =  {{PlanetLab}},
  year = 	 {2003},
  number = 	 {03-010},
  month = 	 MARCH,
  note = 	 {(updated May 2003)},
}


%              Peterson_HOTNETS_2002 -- AKA: Peterson02
@InProceedings{Peterson_HOTNETS_2002,
   Author       = "Larry Peterson and Tom Anderson and David Culler
                   and Timothy Roscoe",
   Title        = "{A Blueprint for Introducing Disruptive Technology into the 
                   Internet}",
   Booktitle    = HOTNETS_2002,
   Address      = HOTNETS_2002_ADDR,
   Month        = OCTOBER,
   Year         = 2002
}
% Note: HOTNETS_2002 proceedings has no page numbers


@Article{Peterson_JSAC_2001,
   Author       = "Larry Peterson and Yitzchak Gottlieb and Mike Hibler
                   and Patrick Tullmann and Jay Lepreau and Steve Schwab
                   and Hrishikesh Dandelkar and Andrew Purtell and John Hartman",
   Title        = "{An OS Interface for Active Routers}",
   Journal      = JSAC,
   Volume       = 19,
   Number       = 3,
   Pages        = "473--487",
   Month        = MARCH,
   Year         = 2001
}


@InProceedings{Peterson_HotOS_1999,
   Author       = "Larry L. Peterson and Scott C. Karlin and Kai Li",
   Title        = "{{OS} Support for General-Purpose Routers}",
   Booktitle    = HOTOS_1999,
   Address      = HOTOS_1999_ADDR,
   Pages        = "38--43",
   Month        = MARCH,
   Year         = 1999
}



@Misc{PlanetLab,
  key =          "PlanetLab",
  title =        "{PlanetLab}",
  note =         "{\url{http://www.planet-lab.org}}",
}


@Article{Postel_RFC791,
   Author       = "Jon Postel",
   Title        = "{Internet Protocol; {RFC} 791}",
   Journal      = RFC,
   Month        = SEPTEMBER,
   Year         = 1981
}


@InProceedings{Pradhan_HotOS_1999,
   Author       = "Prashant Pradhan and {Tzi-cker} Chiueh",
   Title        = "{Operating System Support for Programmable Cluster-Based
                    Internet Routers}",
   Booktitle    = HOTOS_1999,
   Address      = HOTOS_1999_ADDR,
   Pages        = "76--81",
   Month        = MARCH,
   Year         = 1999
}


@InProceedings{Pradhan_MUG_2000,
   Author       = "Prashant Pradhan and {Tzi-cker} Chiueh",
   Title        = "{A Cluster-based, Scalable Edge Router Architecture}",
   Booktitle    = MUG_2000,
   Address      = MUG_2000_ADDR,
   Month        = SEPTEMBER,
   Year         = 2000
}


@InProceedings{Pratt_USENIX_2004,
  author       = "Calicrates Policroniades and Ian Pratt",
  title        = {Alternatives for Detecting Redundancy in Storage
                  Systems Data},
  booktitle    = USENIX_2004,
  address      = USENIX_2004_ADDR,
  month        = JUNE,
  year         = 2004
}

@TechReport{Pradhan_TR_2000,
   Author       = "Prashant Pradhan and {Tzi-cker} Chiueh",
   Title        = "{A Computational Framework for an Extensible Network Router:
                    Design, Implementation and Evaluation}",
   Institution  = "State University of New York at Stony Brook",
   Number       = "TR--93",
   Month        = MAY,
   Year         = 2000
}


@InProceedings{Pradhan_HotOS_2001,
   Author       = "Prashant Pradhan and Kartik Gopalan and {Tzi-cker} Chiueh",
   Title        = "{Design Issues in System Support for Programmable Routers}",
   Booktitle    = HOTOS_2001,
   Address      = HOTOS_2001_ADDR,
   Pages        = "7--11",
   Month        = MAY,
   Year         = 2001
}


@TechReport{Proper_PDN,
  author =       "Steve Muir and Larry Peterson and Marc Fiuczynski
                  and Justin Cappos and John Hartman",
  title =        "{Proper: Privileged Operations in a Virtualised
                  System Environment}",
  institution =  "{PlanetLab}",
  number =       "{PDN-05-027}",
  year =         2005,
}

@InProceedings{Muir_USENIX_2005,
  author =       "Steve Muir and Larry Peterson and Marc Fiuczynski
                  and Justin Cappos and John Hartman",
  title =        "{Proper: Privileged Operations in a Virtualised
                  System Environment}",
  booktitle =    USENIX_2005,
  address =      USENIX_2005_ADDR,
  year =         2005,
  month =        APRIL,
}


@InProceedings{Provos_USS_2003,
  author =       "Niels Provos",
  title =        "{Improving Host Security with System Call Policies}",
  booktitle =    USS_2003,
  pages =        "257--272",
  year =         2003,
  address =      WASHINGTON_DC,
  month =        AUGUST,
}

@InProceedings{Qie_SIGMETRICS_2001,
   Author       = "Xiaohu Qie and Andy Bavier and Larry Peterson
                   and Scott Karlin",
   Title        = "{Scheduling Computations on a Programmable Router}",
   Booktitle    = SIGMETRICS_2001,
   Address      = SIGMETRICS_2001_ADDR,
   Pages        = "13--24",
   Month        = JUNE,
   Year         = 2001
}


@TechReport{Qie_TR_2000,
   Author       = "Xiaohu Qie and Andy Bavier and Larry Peterson
                   and Scott C. Karlin",
   Title        = "{Scheduling Computations on a Programmable Router}",
   Institution  = "Department of Computer Science, Princeton University",
   Number       = "TR--615--00",
   Month        = NOVEMBER,
   Year         = 2000
}

@inproceedings{ Quinlan_FAST_2002,
  author = "S. Quinlan and S. Dorward",
  title = "Venti: a new approach to archival storage",
  booktitle = "First USENIX conference on File and Storage Technologies",
  address = "Monterey,CA",
  year = "2002",
  url = "citeseer.ist.psu.edu/article/quinlan02venti.html" }


@article{Rabinovich_CNIS_1998,
 author = {Michael Rabinovich and Jeff Chase and Syam Gadde},
 title = {Not all hits are created equal: cooperative proxy caching over a wide-area network},
 journal = {Comput. Netw. ISDN Syst.},
 volume = {30},
 number = {22-23},
 year = {1998},
 issn = {0169-7552},
 pages = {2253--2259},
 doi = {http://dx.doi.org/10.1016/S0169-7552(98)00249-9},
 publisher = {Elsevier Science Publishers B. V.},
 address = {Amsterdam, The Netherlands, The Netherlands},
 }



@Manual{RAMiX_PMC694,
   Title        = "{{PMC}/{CompactPCI} Ethernet Controllers Product Family
                    Data Sheet}",
   Organization = "{RAMiX} Incorporated",
   Address      = "Ventura,\ " # CALIFORNIA,
   Year         = 1999
}


@InProceedings{Ranum_LISA_1997,
   Author       = "Marcus J. Ranum and Kent Landfield and Mike Stolarchuk
                   and Mark Sienkiewicz and Andrew Lambeth and Eric Wall",
   Title        = "{Implementing a Generalized Tool For Network Monitoring}",
   Booktitle    = LISA_1997,
   Address      = LISA_1997_ADDR,
   Pages        = "1--8",
   Month        = OCTOBER,
   Year         = 1997
}


%              Ratnasamy_INFOCOM_2002 -- AKA: Ratnasamy02
@InProceedings{Ratnasamy_INFOCOM_2002,
   Author       = "Sylvia Ratnasamy and Mark Handley and Richard Karp
                   and Scott Shenker",
   Title        = "{Topologically-Aware Overlay Construction and Server 
                   Selection}",
   Booktitle    = INFOCOM_2002,
   Address      = INFOCOM_2002_ADDR,
   Pages        = "1190--1199",
   Month        = JUNE,
   Year         = 2002
}


@Article{Rekhter_RFC1771,
   Author       = "Yakov Rekhter and Tony Li",
   Title        = "{A Border Gateway Protocol 4 (BGP--4); {RFC} 1771}",
   Journal      = RFC,
   Month        = MARCH,
   Year         = 1995
}

@Misc{RPM,
  key =          "RPM",
  title =        "{RPM Package Manager}",
  note =         "{\url{http://www.rpm.org/}}",
}



%              Rowstron_SOSP_2001 -- AKA: Rowstron01a
@InProceedings{Rowstron_SOSP_2001,
   Author       = "Antony Rowstron and Peter Druschel",
   Title        = "{Storage Management and Caching in PAST, A Large-Scale
                   Persistent Peer-to-Peer Storage Utility}",
   Booktitle    = SOSP_2001,
   Address      = SOSP_2001_ADDR,
   Pages        = "188--201",
   Month        = OCTOBER,
   Year         = 2001
}


%              Rowstron_MIDDLEWARE_2001 -- AKA: Rowstron01b
@InProceedings{Rowstron_MIDDLEWARE_2001,
   Author       = "Antony Rowstron and Peter Druschel",
   Title        = "{Pastry: Scalable, distributed object location and routing 
                   for large-scale peer-to-peer systems}",
   Booktitle    = MIDDLEWARE_2001,
   Address      = MIDDLEWARE_2001_ADDR,
   Pages        = "329--350",
   Month        = NOVEMBER,
   Year         = 2001
}


@InProceedings{Shalaby_DANCE_2002,
   Author       = "Nadia Shalaby and Larry Peterson and Andy Bavier
                   and Yitzchak Gottlieb and Scott Karlin and Aki Nakao
                   and Xiaohu Qie and Tammo Spalink and Mike Wawrzoniak", 
   Title        = "{Extensible Routers for Active Networks}",
   Booktitle    = DANCE_2002,
   Address      = DANCE_2002_ADDR,
   Pages        = "92--116",
   Month        = MAY,
   Year         = 2002
}


@InProceedings{Shapiro_SOSP_1999,
  author =       "J. S. Shapiro and Jonathan M. Smith and David J. Farber",
  title =        "{EROS: A Capability System}",
  booktitle =    SOSP_1999,
  year =         1999,
  address =      SOSP_1999_ADDR,
  month =        DECEMBER,
}


@Article{Smith_Computer_1999,
   Author       = "Jonathan M. Smith and Kenneth L. Calvert and Sandra L. Murphy
                   and Hilarie K. Orman and Larry L. Peterson",
   Title        = "{Activating Networks: A Progress Report}",
   Journal      = "IEEE Computer",
   Volume       = 32,
   Number       = 4,
   Pages        = "32--41",
   Month        = APRIL,
   Year         = 1999
}


@Article{Smith_Network_1993,
   Author       = "Jonathan M. Smith and C. Brendan S. Traw",
   Title        = "{Giving Applications Access to {${\mathrm{Gb/s}}$} Networking}",
   Journal      = "IEEE Network",
   Volume       = 7,
   Number       = 4,
   Pages        = "44--52",
   Month        = JULY,
   Year         = 1993
}


@TechReport{Spalink_TR_2000,
   Author       = "Tammo Spalink and Scott Karlin and Larry Peterson",
   Title        = "{Evaluating Network Processors in {IP} Forwarding}",
   Institution  = "Department of Computer Science, Princeton University",
   Number       = "TR--626--00",
   Month        = NOVEMBER,
   Year         = 2000
}


@InProceedings{Spalink_SOSP_2001,
   Author       = "Tammo Spalink and Scott Karlin and Larry Peterson
                   and Yitzchak Gottlieb",
   Title        = "{Building a Robust Software-Based Router Using Network
                    Processors}",
   Booktitle    = SOSP_2001,
   Address      = SOSP_2001_ADDR,
   Pages        = "216--229",
   Month        = OCTOBER,
   Year         = 2001
}

@misc{Spalink_PDN,
   Author       = "Brent Chun and Tammo Spalink",
   Title        = "{Slice Creation and Management}",
   Booktitle    = "{PDN-03-013}",
   Note         = "{\url{http://www.planet-lab.org/}}",
   Month        = JUNE,
   Year         = 2003
}

@misc{Slices_PDN,
   Author       = "Larry Peterson and John Hartman and Steve Muir and
                   Timothy Roscoe and Mic Bowman",
   Title        = "{Evolving the Slice Abstraction}",
   Booktitle    = "{PDN-04-017}",
   Month        = JANUARY,
   Year         = 2004,
   url          = "{\url{http://www.planet-lab.org/}}",
}


@TechReport{Spatscheck_TR_1998,
   Author       = "Oliver Spatscheck and Jorgen Hansen and John Hartman
                   and Larry Peterson",
   Title        = "{Optimizing TCP Forwarder Performance}",
   Number       = "89--6",
   Institution  = "Department of Computer Science, University of Arizona",
   Month        = FEBRUARY,
   Year         = 1998
}


@Article{Spatscheck_TON_2000,
   Author       = "Oliver Spatscheck and Jorgen Hansen and John Hartman
                   and Larry Peterson",
   Title        = "{Optimizing TCP Forwarder Performance}",
   Journal      = TON,
   Volume       = 8,
   Number       = 2,
   Pages        = "146--157",
   Month        = APRIL,
   Year         = 2000
}


@InProceedings{Spencer_USS_1999,
  author =       "Ray Spencer and Stephen Smalley and Peter Loscocco
                  and Mike Hibler and David Andersen and Jay Lepreau",
  title =        "{The Flask Security Architecture: System Support for
                  Diverse Security Policies}",
  booktitle =    USS_1999,
  year =         1999,
  address =      WASHINGTON,
  month =        AUGUST,
}

%              Spring_USITS_2003 -- AKA: Spring03
@InProceedings{Spring_USITS_2003,
   Author       = "Neil Spring and David Wetherall and Tom Anderson",
   Title        = "Scriptroute: A facility for distributed Internet measurement",
   Booktitle    = USITS_2003,
   Address      = USITS_2003_ADDR,
   Month        = MARCH,
   Year         = 2003
}
% needs Pages



@Misc{Squid,
  key =          "Squid",
  title =        "{squid : Optimising Web Delivery}",
  note =         "{\url{http://www.squid-cache.org/}}",
}


@InProceedings{Srinivasan_SIGCOMM_1998,
   Author       = "V. Srinivasan and G. Varghese and S. Suri and M. Waldvogel",
   Title        = "{Fast and Scalable Level Four Switching}",
   Booktitle    = SIGCOMM_1998,
   Address      = SIGCOMM_1998_ADDR,
   Pages        = "191--202",
   Month        = SEPTEMBER,
   Year         = 1998
}


@Article{Srinivasan_TOCS_1999,
   Author       = {Venkatachary Srinivasan and George Varghese},
   Title        = {Fast Address Lookups using Controlled Prefix Expansion},
   Journal      = TOCS,
   Volume       = 17,
   Number       = 1,
   Pages        = "1--40",
   Month        = FEBRUARY,
   Year         = 1999,
}


%              Stoica_SIGCOMM_2001 -- AKA: Stoica01
@InProceedings{Stoica_SIGCOMM_2001,
   Author       = "Ion Stoica and Robert Morris and David Karger
                   and Frans Kaashoek and Hari Balakrishnan",
   Title        = "{Chord: A Peer-to-Peer Lookup Service for Internet 
                   Applications}",
   Booktitle    = SIGCOMM_2001,
   Address      = SIGCOMM_2001_ADDR,
   Pages        = "149--160",
   Month        = AUGUST,
   Year         = 2001
}


@Misc{Stork,
  key =          "Stork",
  title =        "{Stork}",
  note =         "{\url{http://www.cs.arizona.edu/stork}}",
}



%              Subramanian_HOTNETS_2002 -- AKA: OverQoS,
@InProceedings{Subramanian_HOTNETS_2002,
   Author       = "Lakshminarayanan Subramanian and Ion Stoica
                   and Hari Balakrishnan and Randy Katz",
   Title        = "{OverQoS: Offering Internet QoS Using Overlays}",
   Booktitle    = HOTNETS_2002,
   Address      = HOTNETS_2002_ADDR,
   Month        = OCTOBER,
   Year         = 2002
}
% Note: HOTNETS_2002 proceedings has no page numbers


@InProceedings{Taylor_OPENARCH_2001,
   Author       = "David E. Taylor and Jon S. Turner and John W. Lockwood",
   Title        = "{Dynamic Hardware Plugins (DHP): Exploiting Reconfigurable
                    Hardware for High-Performance Programmable Routers}",
   Booktitle    = OPENARCH_2001,
   Address      = OPENARCH_2001_ADDR,
   Pages        = "25--34",
   Month        = APRIL,
   Year         = 2001
}

@inproceedings{Thekkath_SOSP_97,
 author = {Chandramohan A. Thekkath and Timothy Mann and Edward K. Lee},
 title = {Frangipani: a scalable distributed file system},
 booktitle = {SOSP '97: Proceedings of the sixteenth ACM symposium on Operating systems principles},
 year = {1997},
 isbn = {0-89791-916-5},
 pages = {224--237},
 location = {Saint Malo, France},
 doi = {http://doi.acm.org/10.1145/268998.266694},
 publisher = {ACM Press},
 address = {New York, NY, USA},
 }


@Article{Traw_JSAC_1993,
   Author       = "C. Brendan S. Traw and Jonathan M. Smith",
   Title        = "{Hardware/Software Organization of a High-Performance
                    ATM Host Interface}",
   Journal      = JSAC # " (Special Issue on High Speed Computer/Network Interfaces)",
   Volume       = 11,
   Number       = 2,
   Pages        = "240--253",
   Year         = 1993
}


@InProceedings{Tucker_VM_2004,
  author =       "Andrew Tucker and David Comay",
  title =        "{Solaris Zones: Operating System Support for Server
                  Consolidation}",
  booktitle =    "3rd Virtual Machine Research and Technology Symposium
                  Works-in-Progress",
  year =         2004,
  address =      "San Jose, CA",
  month =        MAY,
}

@Misc{UML_WEB,
  key =          "user-mode linux",
  title =        "{User-Mode Linux}",
  note =         "\\{\url{http://user-mode-linux.sourceforge.net/}}",
}


@Misc{VirtualPC_WEB,
  key =          "virtual pc",
  title =        "{Virtual PC}",
  note =         "\\{\url{http://www.microsoft.com/windows/\\
virtualpc/default.mspx}}",
}

@Misc{VMWare_WEB,
  key =          "vmware",
  title =        "{VMWare}",
  note =         "\\{\url{http://www.vmware.com/}}",
}

@Misc{vservers,
   Author       = "{Linux VServers Project}",
   Title	= "",
   Note         = "\\{\url{http://linux-vserver.org/}}"
}


@Misc{virtuozzo,
  author =        "{SWSoft}",
  title =         "{Virtuozzo Technology}",
  note = "{\url{http://www.sw-soft.com/en/products/virtuozzo/}}",
}


@Manual{Vitesse_IQ2000,
   Title        = "{{IQ2000} Network Processor Product Brief}",
   Organization = "Vitesse Semiconductor Corporation",
   Address      = "Longmont, Colorado",
   Year         = 2000
}


@InProceedings{vonEicken_SOSP_1995,
   Author       = "Thorsten von Eicken and Anindya Basu and Vineet Buch
                   and Werner Vogels",
   Title        = "{{U-Net}: A User-Level Network Interface for Parallel and
                    Distributed Computing}",
   Booktitle    = SOSP_1995,
   Address      = SOSP_1995_ADDR,
   Pages        = "40--53",
   Month        = DECEMBER,
   Year         = 1995
}


@InProceedings{Waldspurger_OSDI_1994,
   Author       = "Carl A. Waldspurger and William E. Weihl",
   Title        = "{Lottery Scheduling: Flexible Proportional-Share
                    Resource Management}",
   Booktitle    = OSDI_1994,
   Address      = OSDI_1994_ADDR,
   Pages        = "1--11",
   Month        = NOVEMBER,
   Year         = 1994
}

@Article{Waldspurger_OSR_2002,
   Author       = "Carl A Waldspurger",
   Title        = "{Memory resource management in VMware ESX server}",
   Journal      = OSR,
   Volume       = 36,
   Number       = SI,
   Pages        = "181--194",
   Month        = Winter,
   Year         = 2002 
}

@InProceedings{Waldvogel_SIGCOMM_1997,
   Author       = "M. Waldvogel and G. Varghese and J. Turner and B. Plattner",
   Title        = "{Scalable High Speed IP Routing Lookups}",
   Booktitle    = SIGCOMM_1997,
   Address      = SIGCOMM_1997_ADDR,
   Pages        = "25--36",
   Month        = OCTOBER,
   Year         = 1997
}


@Article{Walton_Computer_1998,
   Author       = "Simon Walton and Anne Hutton and Joe Touch",
   Title        = "{High-Speed Data Paths in Host-Based Routers}",
   Journal      = COMPUTER,
   Volume       = 31,
   Number       = 11,
   Pages        = "46--52",
   Month        = NOVEMBER,
   Year         = 1998
}


%              Wang_OSDI_2002 -- AKA: Wang02
@InProceedings{Wang_OSDI_2002,
   Author       = "Limin Wang and Vivek Pai and Larry Peterson",
   Title        = "{The Effectiveness of Request Redirection on CDN Robustness}",
   Booktitle    = OSDI_2002,
   Address      = OSDI_2002_ADDR,
   Pages        = "345--360",
   Month        = DECEMBER,
   Year         = 2002
}


@InProceedings{Wang_USENIX_2002,
   Author       = "Limin Wang and KyoungSoo Park and Ruoming Pang and Vivek Pai and Larry Peterson",
   Title        = "{Reliability and Security in the CoDeeN Content Distribution Network}",
   Booktitle    = USENIX_2002,
   Booktitle    = USENIX_2002_ADDR,
   address =      SAN_FRANCISCO,
   year =         2002,
   month =        AUGUST
}



@InCollection{Watson_LNCS_1981,
  author =       "Richard W. Watson",
  title =        "{Identifiers (Naming) in Distributed Systems}",
  booktitle =    "Distributed Systems---Architecture and
                  Implementation, An Advanced Course",
  pages =        "191--210",
  publisher =    "Springer-Verlag",
  year =         1981,
}

%              Wawrzoniak_HOTNETS_2003 -- AKA: sophia-hotnets03
@InProceedings{Wawrzoniak_HOTNETS_2003,
   Author       = "Mike Wawrzoniak and Larry Peterson and Timothy Roscoe",
   Title        = "{Sophia: An Information Plane for Networked Systems}",
   Booktitle    = HOTNETS_2003,
   Address      = HOTNETS_2003_ADDR,
   Month        = NOVEMBER,
   Year         = 2003
}


@InProceedings{Wetherall_SOSP_1999,
   Author       = "David Wetherall",
   Title        = "{Active network vision and reality: lessons from a
                    capsule-based system}",
   Booktitle    = SOSP_1999,
   Address      = SOSP_1999_ADDR,
   Pages        = "64--79",
   Month        = DECEMBER,
   Year         = 1999
}




@Misc{wget,
  key =          "wget",
  title =        "{GNU Wget - GNU Project - Free Software Foundation (FSF)}",
  note =         "{\url{http://www.gnu.org/software/wget/wget.html}}",
}
@InProceedings{Whitaker_OSDI_2002,
   Author       = "Andrew Whitaker and Marianne Shaw and Steven D. Gribble",
   Title        = "{Scale and Performance in the Denali Isolation Kernel}",
   Booktitle    = OSDI_2002,
   Address      = OSDI_2002_ADDR,
   Pages        = "195--209",
   Year         = 2002,
   Month        = {December}
}


%              White_OSDI_2002 -- AKA: White+:osdi02, White02, white2002
@InProceedings{White_OSDI_2002,
   Author       = "Brian White and Jay Lepreau and Leigh Stoller and
                   Robert Ricci and Shashi Guruprasad and Mac Newbold and
                   Mike Hibler and Chad Barb and Abhijeet Joglekar",
   Title        = "{An Integrated Experimental Environment for Distributed 
                   Systems and Networks}",
   Booktitle    = OSDI_2002,
   Address      = OSDI_2002_ADDR,
   Pages        = "255--270",
   Month        = DECEMBER,
   Year         = 2002
}


@Misc{WinProxy,
  key =          "WinProxy",
  title =        "{WinProxy}",
  note =         "{\url{http://www.winproxy.com/index.asp}}",
}







@InProceedings{Wright_USS_2002,
  author =       "Chris Wright and Crispin Cowan and Stephen Smalley
                  and James Morris and Greg Kroah-Hartman",
  title =        "{Linux Security Modules: General Security Support
                  for the Linux Kernel}",
  booktitle =    "Proceedings of the 11th USENIX Security Symposium",
  address =      SAN_FRANCISCO,
  year =         2002,
  month =        AUGUST
}


@InProceedings{Xie_RAID_2004,
  author =       "Y. Xie and H. Kim and D. O'Hallaron and M. Reiter
                  and H. Zhang",
  title =        "{Seurat: A Pointillist Approach to Anomaly
                  Detection}",
  booktitle =    "Proceedings of the 7th International Symposium on
                  Recent Advances in Intrusion Detection (RAID 2004)",
  year =         2004,
  month =        SEPTEMBER
}


@Misc{Yum,
  key =          "Yum",
  title =        "{Yum: Yellow Dog Updater Modified}",
  note =         "{\url{http://linux.duke.edu/projects/yum/}}",
}


@InProceedings{Zhang_ICNP,
   Author       = "M. Zhang and B. Karp and S. Floyd and L. Peterson",
   Title        = "{RR-TCP: A Reordering-Robust TCP with DSACK}",
   Booktitle    = ICNP_2003,
   Address      = ICNP_2003_ADDR,
   Month        = NOVEMBER,
   Year         = 2003
}






@Misc{GoogleDistroPopularity,
  key =          "Google Distro Popularity",
  title =        "{gPowered: By the Power of Google...: Linux Distro Popularity
According to Google}",
  note =         "{\url{http://blog.gpowered.net/2007/10/linux-distro-popularity-according-to.html}}",
}





@Misc{dpkgRPMdiff,
  key =          "package type differences",
  title =        "{Re: Differences of Debian vs. the Other Guys}",
  note =         "{\url{http://lists.debian.org/debian-devel/1998/06/msg00128.html}}",
}





@Misc{Synaptic,
  key =          "Synaptic",
  title =        "{Synaptic Package Manager - Home}",
  note =         "{\url{http://www.nongnu.org/synaptic/}}",
}







@Misc{KPackage,
  key =          "KPackage",
  title =        "{The KPackage Handbook}",
  note =         "{\url{http://docs.kde.org/development/en/kdeadmin/kpackage/}}",
}





@Misc{YaST,
  key =          "YaST",
  title =        "{YaST - openSuSE}",
  note =         "{\url{http://en.opensuse.org/YaST}}",
}





@Misc{Slackware,
  key =          "Slackware",
  title =        "{Slackware Package Management}",
  note =         "{\url{http://www.slacksite.com/slackware/packages.html}}",
}







@Misc{DistroWatchPopularity,
  key =          "DistroWatchPopularity",
  title =        "{DistroWatch.com: Editorial: How Popular is a Distribution?}",
  note =         "{\url{http://distrowatch.com/weekly.php?issue=20070827#feature}}",
}





@Misc{DistroWatchFacts,
  key =          "DistroWatchFacts",
  title =        "{DistroWatch.com: Linux Distributions - Facts and Figures}",
  note =         "{\url{http://distrowatch.com/stats.php?section=packagemanagement}}",
}





@Misc{PortageSigning,
  key =          "PortageSigning",
  title =        "{'[gentoo-security] The state of ebuild signing in portage' - MARC}",
  note =         "{\url{http://marc.info/?l=gentoo-security&m=105073449619892&w=2}}",
}


@Misc{Portage,
  key =          "Portage",
  title =        "{Gentoo-Portage}",
  note =         "{\url{http://gentoo-portage.com/}}",
}




@Misc{Pacman,
  key =          "Arch Linux Installation",
  title =        "{Arch Linux (Don't Panic) Installation Guide}",
  note =         "{\url{http://www.archlinux.org/static/docs/arch-install-guide.txt}}",
}





@Misc{PacmanMITM,
  key =          "PacmanMITM",
  title =        "{Arch Linux Forums / Pacman vulnerable to MITM attacks?}",
  note =         "{\url{http://bbs.archlinux.org/viewtopic.php?id=35609}}",
}






@Misc{PacmanSigning,
  key =          "PacmanSigning",
  title =        "{Arch Linux Forums / Package signing}",
  note =         "{\url{http://bbs.archlinux.org/viewtopic.php?id=27867}}",
}







@Misc{AptPackageTrust,
  key =          "AptPackageTrust",
  title =        "{Understanding and Managing Package Trust}",
  note =         "{\url{http://people.debian.org/~dburrows/aptitude-doc/en/ch02s02s06.html}}",
}





@Misc{DebianWiki,
  key =          "DebianWiki",
  title =        "{Debian - Wikipedia, the free encyclopedia}",
  note =         "{\url{http://en.wikipedia.org/wiki/Debian}}",
}





@Misc{DebianCompromises,
  key =          "DebianCompromises",
  title =        "{Debian Investigation Report after Server Compromises}",
  note =         "{\url{http://people.debian.org/~terpstra/message/20031202.142351.b5dc19f4.en.html}}",
}





@Misc{APTHOWTO,
  key =          "APTHOWTO",
  title =        "{APT HOWTO}",
  note =         "{\url{http://www.debian.org/doc/manuals/apt-howto/}}",
}





@Misc{SecureApt,
  key =          "SecureApt",
  title =        "{SecureApt - Debian Wiki}",
  note =         "{\url{http://wiki.debian.org/SecureApt}}",
}






@Misc{CronApt,
  key =          "CronApt",
  title =        "{Debian Administration :: A short introduction to cron-apt.}",
  note =         "{\url{http://www.debian-administration.org/articles/162}}",
}





@Misc{DebianVirtualPackageNames,
  key =          "DebianVirtualPackageNames",
  title =        "{Authoritative List of Virtual Package Names.}",
  note =         "{\url{http://www.debian.org/doc/packaging-manuals/virtual-package-names-list.txt}}",
}




@Misc{DebianPackageRelationships,
  key =          "DebianPackageRelationships",
  title =        "{Debian Policy Manual - Declaring relationships between packages}",
  note =         "{\url{http://www.debian.org/doc/debian-policy/ch-relationships.html#s-virtual}}",
}




@Misc{DebianDevelopersReference,
  key =          "DebianDevelopersReference",
  title =        "{Debian Developer's Reference}",
  note =         "{\url{http://www.debian.org/doc/packaging-manuals/developers-reference/}}",
}






@Misc{GPGSubkeys,
  key =          "GPGSubkeys",
  title =        "{Using multiple subkeys in GPG}",
  note =         "{\url{http://fortytwo.ch/gpg/subkeys}}",
}





@Misc{RSAChallenge,
  key =          "RSAChallenge",
  title =        "{RSA Laboratories - The RSA Challenge Numbers}",
  note =         "{\url{http://www.rsa.com/rsalabs/node.asp?id=2093}}",
}





@Misc{RSAFactoringWiki,
  key =          "RSAFactoringWiki",
  title =        "{RSA Factoring Challenge - Wikipedia, the free encyclopedia}",
  note =         "{\url{http://en.wikipedia.org/wiki/RSA_Factoring_Challenge}}",
}





@Misc{RSA640,
  key =          "RSA640",
  title =        "{RSA Laboratories - RSA-640 is factored!}",
  note =         "{\url{http://www.rsa.com/rsalabs/node.asp?id=2964}}",
}





@Misc{StormWorm,
  key =          "StormWorm",
  title =        "{Storm worm: More powerful than Blue Gene? - ZDNet UK}",
  note =         "{\url{http://news.zdnet.co.uk/security/0,1000000189,39289226,00.htm}}",
}



@Misc{Urpmi,
  key =          "URPMI",
  title =        "{URPMI}",
  note =         "{\url{http://www.urpmi.org/}}",
}






@Misc{Apt-RPM,
  key =          "Apt-RPM",
  title =        "{APT-RPM}",
  note =         "{\url{http://apt-rpm.org/}}",
}








@Misc{CERT,
  key =          "CERT",
  title =        "{CERT}",
  note =         "{\url{http://www.cert.org/}}",
}






@Misc{GovCertUK,
  key =          "GovCertUK",
  title =        "{GovCertUK}",
  note =         "{\url{http://www.govcertuk.gov.uk/}}",
}


@InProceedings{Stork_LISA,
   Author       = "Justin Cappos and Scott Baker and Jeremy Plichta and
                   Duy Nyugen and Jason Hardies and Matt Borgard and Jeffry
                   Johnston and John Hartman",
   Title        = "{Stork: Package Management for Distributed VM Environments}",
   Booktitle    = LISA_2007,
   Address      = LISA_2007_ADDR,
   Year         = 2007
}



@InProceedings{Cappos_WORLDS_2005,
   Author       = "Justin Cappos and John Hartman",
   Title        = "{Why It Is Hard to Build a Long Running Service on Planetlab}",
   Booktitle    = WORLDS_2005,
   year =         2005,
   address =      SAN_FRANCISCO,
   month =        DECEMBER,
}




@Misc{SquirrelMailPoisoning,
  key =          "SquirrelMailPoisoning",
  title =        "{SquirrelMail Repository Poisoned with Critical flaw}",
  note =         "{\url{http://www.beskerming.com/commentary/2007/12/19/313/SquirrelMail_Repository_Poisoned_with_Critical_flaw}}",
}



@Misc{dpkg-sigman,
  key =          "dpkg-sigman",
  title =        "{man dpkg-sig}",
  note =         "{\url{http://pwet.fr/man/linux/commandes/dpkg_sig}}",
}




@Misc{debsigs,
  key =          "debsigs",
  title =        "{debsigs - What is debsigs}",
  note =         "{\url{http://linux.about.com/cs/linux101/g/debsigs.htm}}",
}








@Misc{UniversalMITM,
  key =          "UniversalMITM",
  title =        "{RSA Alert: New Universal Man-in-the-Middle Phishing Kit Discovered}",
  note =         "{\url{http://www.rsa.com/press_release.aspx?id=7667}}",
}



@Misc{dsniff,
  key =          "dsniff",
  title =        "{dsniff}",
  note =         "{\url{http://monkey.org/~dugsong/dsniff/}}",
}



@InProceedings{Godber_PPW_2003,
   Author       = "A. Godber and P. Dasgupta",
   Title        = "{Countering rogues in wireless networks}",
   Booktitle    = "2003 International Conference on Parallel Processing Workshops",
   year =         2003,
   month =        OCTOBER,
}



@InProceedings{Yuan_ICC_2006,
   Author       = "Lihua Yuan and K. Kant and P. Mohapatra and Chen-Nee Chuah",
   Title        = "{DoX: A Peer-to-Peer Antidote for DNS Cache Poisoning Attacks}",
   Booktitle    = "2006 IEEE International Conference on Communications",
   year =         2006,
   month =        JUNE,
}


@article{Samuel_login_2008,
 author = "Justin Samuel and Jeremy Plichta and Justin Cappos",
 title = "{Centralized Package Management Using Stork}",
 journal = {To appear in ;login:},
 year = 2008,
 month = FEBRUARY,
 }




@Misc{FedoraMirror,
  key =          "FedoraMirror",
  title =        "{Infrastructure/Mirroring -- Fedora Project Wiki}",
  note =         "{\url{http://fedoraproject.org/wiki/Infrastructure/Mirroring}}",
}






@Misc{iPhonemalicious,
  key =          "iPhonemalicious",
  title =        "{MMi Public Service Announcement -- Malicious Installer Source Warning}",
  note =         "{\url{http://www.modmyifone.com/forums/showthread.php?t=24323}}",
}



@Misc{NetcraftServerPopularity,
  key =          "NetcraftServerPopularity",
  title =        "{Netcraft: Strong growth for Debian}",
  note =         "{\url{http://news.netcraft.com/archives/2005/12/05/strong_growth_for_debian.html}}",
}



@Misc{Milw0rm,
  key =          "Milw0rm",
  title =        "{milw0rm - exploits : vulnerabilities : videos : papers : shellcode}",
  note =         "{\url{http://www.milw0rm.com}}",
}



@Misc{verificationarguments,
  key =          "verificationarguments",
  title =        "{dkpg-sig support wanted?}",
  note =         "{\url{http://nixforums.org/about101637-asc-15.html}}",
}






@Misc{Ports,
  key =          "Ports",
  title =        "{Installing Applications: Packages and Ports}",
  note =         "{\url{http://www.freebsd.org/doc/en_US.ISO8859-1/books/handbook/ports.html}}",
}


@Misc{Codesign,
  key =         "Codesign",
  title =       "{Introduction to Code Signing}",
  note =        "{\url{http://msdn2.microsoft.com/en-us/library/ms537361.aspx}}",
}

@Misc{Verisign,
  key =         "Verisign",
  title =       "{Verisign Corporation}",
  note =        "{\url{http://www.verisign.com/}}",
}


@InProceedings{freebsdupdate,
   Author       = "Colin Percival",
   Title        = "{An Automated Binary Security Update System for FreeBSD}",
   Booktitle    = BSDCON_2003,
   Address      = "San Mateo, CA",
   Pages        = "29-34",
   Month        = SEPTEMBER,
   Year         = 2003
}

@InProceedings{deployme,
   Author       = "Kyle Oppenheim and Patrick McCormick",
   Title        = "{Deployme: Tellme's Package Management and Deployment System}",
   Booktitle    = LISA_2000,
   Address      = "New Orleans, LA",
   Pages        = "187-196",
   Month        = DECEMBER,
   Year         = 2000
}

@InProceedings{depot,
   Author       = "Kenneth Manheimer and Barry A. Warsaw and Stephen N. Clark and Walter Rowe",
   Title        = "{The Depot: A Framework for Sharing Software Installation Across Organizational and UNIX Platform Boundaries}",
   Booktitle    = LISA_1990,
   Address      = "Colorado Springs, CO",
   Pages        = "37-46",
   Month        = OCTOBER,
   Year         = 1990
}

@InProceedings{safari,
   Author       = "Bill Fithen and Steve Kalinowski and Jeff Carpenter and Jed Pickel",
   Title        = "{Infrastructure: A Prerequisite for Effective Security}",
   Booktitle    = LISA_1998,
   Address      = "Boston, MA",
   Pages        = "11-26",
   Month        = DECEMBER,
   Year         = 1998
}


@inproceedings{WindowsUpdate,
 author = {Christos Gkantsidis and Thomas Karagiannis and Milan VojnoviC},
 title = {Planet scale software updates},
 booktitle = {SIGCOMM '06: Proceedings of the 2006 conference on Applications, technologies, architectures, and protocols for computer communications},
 year = {2006},
 isbn = {1-59593-308-5},
 pages = {423--434},
 location = {Pisa, Italy},
 doi = {http://doi.acm.org/10.1145/1159913.1159961},
 publisher = {ACM},
 address = {New York, NY, USA},
 }



@Misc{MacSoftwareUpdate,
  key =          "MacSoftwareUpdate",
  title =        "{Apple -- Software Update}",
  note =         "{\url{http://www.apple.com/softwareupdate/}}",
}




@InProceedings{Bellissimo_HOTSEC_06,
   Author       = "Anthony Bellissimo and John Burgess and Kevin Fu",
   Title        = "{Secure Software Updates: Disappointments and New Challenges}",
   Booktitle    = "1st USENIX Workshop on Hot Topics in Security",
   Address      = "Vancouver, Canada",
   Pages        = "37-43",
   Month        = JULY,
   Year         = 2006
}


@inproceedings{SUNDR,
 author = {David Mazi\`{e}res and Dennis Shasha},
 title = {Building secure file systems out of {B}yzantine storage},
 booktitle = {PODC '02: Proceedings of the twenty-first annual symposium on Principles of distributed computing},
 year = {2002},
 isbn = {1-58113-485-1},
 pages = {108--117},
 location = {Monterey, California},
 doi = {http://doi.acm.org/10.1145/571825.571840},
 publisher = {ACM},
 address = {New York, NY, USA},
 }




@Misc{InstallShield,
  key =          "InstallShield",
  title =        "{InstallShield -- Installation Tool}",
  note =         "{\url{http://www.macrovision.com/products/installation/installshield.htm}}",
}






@Misc{Wise,
  key =          "Wise",
  title =        "{Software Packaging and Installation Authoring Tools -- Altris, Inc.}",
  note =         "{\url{http://www.wise.com/}}",
}


@inproceedings{MurphySecurity,
 author = {Wietse Venema},
 title = {Murphy's law and computer security},
 booktitle = {SSYM'96: Proceedings of the 6th conference on USENIX Security Symposium, Focusing on Applications of Cryptography},
 year = {1996},
 pages = {19--19},
 location = {San Jose, California},
 publisher = {USENIX Association},
 address = {Berkeley, CA, USA},
 }



@InProceedings{Wurster_HOTSEC_07,
   Author       = "Glenn Wurster and P.C. van Oorschot",
   Title        = "{Self-Signed Executables: Restricting Replacement of Program Binaries by Malware}",
   Booktitle    = "2nd USENIX Workshop on Hot Topics in Security",
   Address      = "Boston, MA",
   Month        = AUGUST,
   Year         = 2007
}

@inproceedings{NetBSDUpdate,
 author = {Alistair Crooks},
 title = {The NetBSD update system},
 booktitle = {ATEC '04: Proceedings of the USENIX Annual Technical Conference},
 year = {2004},
 pages = {17--17},
 location = {Boston, MA},
 publisher = {USENIX Association},
 address = {Berkeley, CA, USA},
 }

 @article{sharma2003mha,
  title={{Mirror hopping approach for selective denial of service prevention}},
  author={Sharma, P. and Shah, P. and Bhattacharya, S.},
  journal={Object-Oriented Real-Time Dependable Systems, 2003.(WORDS 2003). Proceedings of the Eighth International Workshop on},
  pages={200--208},
  year={2003}
}

@article{byers1999amm,
  title={{Accessing multiple mirror sites in parallel: using Tornado codes tospeed up downloads}},
  author={Byers, JW and Luby, M. and Mitzenmacher, M.},
  journal={INFOCOM'99. Eighteenth Annual Joint Conference of the IEEE Computer and Communications Societies. IEEE},
  volume={1},
  year={1999}
}



@Misc{CERTblog,
  key =          "CERTblog",
  author={Ryan Giobbi},
  title =        "{Vulnerability Analysis Blog: Safely Using Package Managers}",
  note =         "{\url{http://www.cert.org/blogs/vuls/2008/07/using_package_managers.html}}",
}


@Misc{CentOSrant,
  key =          "CentOSrant",
  author={Johnny Hughes},
  title =        "{HughesJR.com -- Attacks on Package Managers -- ummm...}",
  note =         "{\url{http://www.hughesjr.com/content/view/22/1/}}",
}


@TechReport{This-TR,
   Author       = "Justin Cappos and Justin Samuel and Scott Baker and John Hartman",
   Title        = "{A Look In the Mirror: Attacks on Package Managers}",
   Institution  = "Department of Computer Science, University of Arizona",
   Number       = "TR--08--06",
   Month        = July,
   Year         = 2008
}


@Misc{Gentoofixes,
  key =          "Gentoofixes",
  author={Robin H. Johnson},
  title =        "{[gentoo] Index of /users/robbat2/tree-signing-gleps}",
  note =         "{\url{http://viewcvs.gentoo.org/viewcvs.py/gentoo/users/robbat2/tree-signing-gleps/}}",
}


@Misc{RedHatfixes,
  key =          "RedHatfixes",
  author=	 {Matt Domsch},
  title =        "{Re: YUM security issues...}",
  note =         "{\url{https://www.redhat.com/archives/fedora-infrastructure-list/2008-July/msg00114.html}}",
}




@Misc{MicrosoftMemo,
  key =          "MicrosoftMemo",
  author=	 {Maureen O'Gara},
  title =        "{"Cloud Computing Is the Plan" -- Ballmer Memo}",
  note =         "{\url{http://wireless.sys-con.com/node/618924}}",
}





@Misc{IBMBlueCloud,
  key =          "IBMBlueCloud",
  author=	 {Mike Darcy},
  title =        "{IBM Press room - 2007-11-15 IBM Introduces Ready-to-Use Cloud Computing}",
  note =         "{\url{http://www-03.ibm.com/press/us/en/pressrelease/22613.wss}}",
}



@Misc{GoogleAppEngine,
  key =          "GoogleAppEngine",
  title =        "{Google App Engine - Google Code}",
  note =         "{\url{http://code.google.com/appengine/}}",
}




@Misc{AmazonS3,
  key =          "AmazonS3",
  title =        "{Amazon S3 - Amazon Web Services @ Amazon.com}",
  note =         "{\url{http://aws.amazon.com/s3}}",
}




@Misc{AmazonEC2,
  key =          "AmazonEC2",
  title =        "{Amazon EC2 - Amazon Web Services @ Amazon.com}",
  note =         "{\url{http://aws.amazon.com/ec2}}",
}



@Misc{BOINC,
  key =          "BOINC",
  title =        "{BOINC}",
  note =         "{\url{http://boinc.berkeley.edu/}}",
}



@Misc{GoogleDocs,
  key =          "GoogleDocs",
  title =        "{Welcome to Google Docs}",
  note =         "{\url{http://docs.google.com/}}",
}


@InProceedings{Katz_NSDI_2008,
   Author       = "Ethan Katz-Bassett and Harsha V. Madhyastha and John P. John and Arvind Krishnamurthy and Thomas Anderson and David Wetherall",
   Title        = "{Studying Black Holes in the Internet with Hubble}",
   Booktitle    = NSDI_2008,
   Address      = NSDI_2008_ADDR,
   Month        = April,
   Year         = {2008},
}




@Misc{Hadoop,
  key =          "Hadoop",
  title =        "{Welcome to Hadoop!}",
  note =         "{\url{http://hadoop.apache.org/core/}}",
}




@Misc{HPCloud,
  key =          "HPCloud",
  title =        "{HP Press Kit: HP, Intel and Yahoo! Create Global Cloud Computing Research Test Bed}",
  note =         "{\url{http://www.hp.com/hpinfo/newsroom/press_kits/2008/cloudresearch/index.html}}",
}



@InProceedings{Albrecht_LISA_2007,
   Author       = "Jeannie Albrecht and Ryan Braud and Darren Dao and Nikolay Topilski and Christopher Tuttle and Alex C. Snoeren and Amin Vahdat",
   Title        = "{Remote Control: Distributed Application Configuration, Management, and Visualization with Plush}",
   Booktitle    = LISA_2007,
   Address      = LISA_2007_ADDR,
   Month        = November,
   Year         = {2007},
}

@inproceedings{Rhea_SIGCOMM_2005,
 author = {Sean Rhea and Brighten Godfrey and Brad Karp and John Kubiatowicz and Sylvia Ratnasamy and Scott Shenker and Ion Stoica and Harlan Yu},
 title = "{OpenDHT: A Public DHT Service and Its Uses}",
 booktitle = {SIGCOMM '05: Proceedings of the 2005 conference on Applications, technologies, architectures, and protocols for computer communications},
 year = {2005},
 isbn = {1-59593-009-4},
 pages = {73--84},
 location = {Philadelphia, Pennsylvania, USA},
 doi = {http://doi.acm.org/10.1145/1080091.1080102},
 publisher = {ACM},
 address = {New York, NY, USA},
 }


%%%%%%%%%%%%%%%%%%%%%%%%%%%%%%%%%%%%%%%%
% Computer Science Education References (SIGCSE)
%%%%%%%%%%%%%%%%%%%%%%%%%%%%%%%%%%%%%%%%

@inproceedings{611980,
 author = {Christine Shannon},
 title = "{Another breadth-first approach to CS I using python}",
 booktitle = {SIGCSE '03: Proceedings of the 34th SIGCSE technical symposium on Computer science education},
 year = {2003},
 isbn = {1-58113-648-X},
 pages = {248--251},
 location = {Reno, Navada, USA},
 doi = {http://doi.acm.org/10.1145/611892.611980},
 publisher = {ACM},
 address = {New York, NY, USA},
 }

@article{SIGCSE94,
 author = {Carolee Stewart},
 title = "{Distributed Systems in the Undergraduate Curriculum}",
 journal = {SIGCSE Bull.},
 volume = {26},
 number = {4},
 year = {1994},
 issn = {0097-8418},
 pages = {17--20},
 doi = {http://doi.acm.org/10.1145/190650.190655},
 publisher = {ACM},
 address = {New York, NY, USA},
 }

@article{SIGCSE98,
 author = {Jos\'{e} C. Cunha and Jo\,
{a}o Louren\c{c}o},
 title = "{An Integrated Course on Parallel and Distributed Processing}",
 journal = {SIGCSE Bull.},
 volume = {30},
 number = {1},
 year = {1998},
 issn = {0097-8418},
 pages = {217--221},
 doi = {http://doi.acm.org/10.1145/274790.274300},
 publisher = {ACM},
 address = {New York, NY, USA},
 }

@inproceedings{SIGCSE03,
 author = {Surendar Chandra},
 title = "{Beacond: A Peer-to-Peer System to Teach Ubiquitous Computing}",
 booktitle = {SIGCSE '03: Proceedings of the 34th SIGCSE technical symposium on Computer science education},
 year = {2003},
 isbn = {1-58113-648-X},
 pages = {257--261},
 location = {Reno, Navada, USA},
 doi = {http://doi.acm.org/10.1145/611892.611983},
 publisher = {ACM},
 address = {New York, NY, USA},
 }

@article{SIGCSE07,
 author = {Chuck Pheatt},
 title = "{An Easy to Use Distributed Computing Framework}",
 journal = {SIGCSE Bull.},
 volume = {39},
 number = {1},
 year = {2007},
 issn = {0097-8418},
 pages = {571--575},
 doi = {http://doi.acm.org/10.1145/1227504.1227500},
 publisher = {ACM},
 address = {New York, NY, USA},
 }

@inproceedings{SIGCSE08,
 author = {Aaron Kimball and Sierra Michels-Slettvet and Christophe Bisciglia},
 title = "{Cluster Computing for Web-Scale Data Processing}",
 booktitle = {SIGCSE '08: Proceedings of the 39th SIGCSE technical symposium on Computer science education},
 year = {2008},
 isbn = {978-1-59593-799-5},
 pages = {116--120},
 location = {Portland, OR, USA},
 doi = {http://doi.acm.org/10.1145/1352135.1352177},
 publisher = {ACM},
 address = {New York, NY, USA},
 }

@Misc{AllPairsPing,
  key =          "AllPairsPing",
  title =        "{PlanetLab All-Pairs Ping Data}",
  note =         "{\url{http://ping.ececs.uc.edu/ping/}}",
}


@inproceedings{Globus,
	author = {Foster, Ian  T. },
	booktitle = {NPC},
	citeulike-article-id = {975493},
	editor = {Jin, Hai and Reed, Daniel  A.  and Jiang, Wenbin  },
	keywords = {bibtex-import},
	pages = {2--13},
	posted-at = {2006-12-05 17:45:39},
	priority = {2},
	publisher = {Springer},
	series = {Lecture Notes in Computer Science},
	title = "{Globus Toolkit Version 4: Software for Service-Oriented Systems.}",
	volume = {3779},
	year = {2005}
}

@inproceedings{MapReduce,
  author    = {Jeffrey Dean and
               Sanjay Ghemawat},
  title     = "{MapReduce: Simplified Data Processing on Large Clusters}",
  booktitle = {OSDI},
  year      = {2004},
  pages     = {137-150},
  ee        = {http://www.usenix.org/events/osdi04/tech/dean.html},
  bibsource = {DBLP, http://dblp.uni-trier.de}
}

